%% Central repository of bibtex references

@article{cunningham2013non,
  title={Non-state actors in civil wars: A new dataset},
  author={Cunningham, David E and Gleditsch, Kristian Skrede and Salehyan, Idean},
  journal={Conflict Management and Peace Science},
  volume={30},
  number={5},
  pages={516--531},
  year={2013},
  publisher={Sage Publications Sage UK: London, England}
}

@article{adraoui2019case,
  title={The case of {Jabhat Al-Nusra} in the Syrian conflict 2011--2016: Towards a strategy of nationalization?},
  author={Adraoui, Mohamed-Ali},
  journal={Mediterranean Politics},
  volume={24},
  number={2},
  pages={260--267},
  year={2019},
  publisher={Taylor \& Francis}
}


@article{hammami2013FA1,
  author = {Hammami, Omar},
  title = {Document accompanying "Final Appeal"},
  year = {2013},
  month = {{January 7,}},
  journal ={Trans. SITE Intelligence Group}
}

@book{weiss2016isis,
  title={ISIS: Inside the Army of Terror (updated edition)},
  author={Weiss, Michael and Hassan, Hassan},
  year={2016},
  publisher={Simon and Schuster}
}

@article{komar2017blackwater,
  title={The Blackwater of Jihad},
  author={Komar, R and Borys, C and Woods, E},
  journal={Foreign Policy},
  year={2017}
}

@article{HTS2017leaks,
  title = {Leaks revealing truths – {F}ifth {L}eak},
  author={Khalid {alShimali}},
 journal={Trans. {SITE} Intelligence Group},
  year = {2017},
  month = {{September 7, }},
  misc = {Distributed via Telegram Messenger}
}

@article{bauer2019behind,
  title={Behind The Lines},
  author={Shaun Bauer},
  journal={Mother Jones},
  month={June},
  year={2019}
}

@article{ahad2013nusra,
  title={Syria's al-Nusra Front- ruthless, organised, and taking control},
  author={Ghaith Abdul-Ahad},
  journal={The Guardian},
  month={{July 10,}},
  year={2013}
}

@article{farrall2017abusaeed,
  title={Notorious {B}ritish jihadist {Abu Sa'eed Al Britani} may have perished in {IS} death camp l},
  author={Jason Farrall},
  journal={Sky News},
  month={{October 21,}},
  howpublished={\url{https://news.sky.com/story/notorious-british-jihadist-abu-saeed-al-britani-may-have-perished-in-is-death-camp-11090767}},
  year={2017}
}


@article{cambanis2016syrian,
  title={The Syrian Revolution Against Al-Qaeda},
  author={Cambanis, Thanassis},
  journal={Foreign Policy},
  volume={29},
  number={3},
  pages={16},
  year={2016}
}


@article{abouzeid2014nextdoor,
  title={The Jihad Next Door},
  author={Rania Abouzeid},
  journal={Politico},
  month={{June 23,}},
  year={2014}
}

@article{icg2020conversation,
  title={The Jihadist Factor in {S}yria’s {I}dlib: A Conversation with {Abu Muhammad al-Jolani}},
  author={{International Crisis Group}},
  month={{February 20}},
  journal= {Middle East Report},
  year={2020}
}


@article{icg2019best,
  title={The Best of Bad Options For Syria's Idlib},
  author={{International Crisis Group}},
  journal= {Middle East Report},
  month={{March 14,}},    
  year={2019},
  howpublished={\url{https://www.crisisgroup.org/middle-east-north-africa/eastern-mediterranean/syria/197-best-bad-options-syrias-idlib}}
}

@article{tamimi2020malhama,
  title={{M}alhama {T}actical: Interview},
  author={Aymenn Jawad Al-Tamimi},
  journal={Tamimi Blog},
  howpublished={\url{http://www.aymennjawad.org/2020/02/malhama-tactical-interview}},
  month={{February 26,}},
  year={2020}
}

@article{bbc2016jfs,
  title={{S}yria war: Who are {Jabhat Fateh al-Sham?}},
  author={{BBC Monitoring}},
  month={{August 1,}},
  year={2016}
  }
    
@article{salloum2013jail,
  title={From jail to jihad: Former prisoners fight in Syrian insurgency},
  author={Salloum, Raniah},
  journal={Der Spiegel Online},
  year={2013}
}


@article{dareih2015unmasked,
  title={{Al N}usra Unmasked: A Top Commander Speaks Exclusively to {VICE News}},
  author={Medyan Dairieh},
  journal={{VICE News}},
  month={{November 4,}},
  howpublished={\url{https://www.vice.com/en_us/article/pa4kay/al-nusra-unmasked-a-top-commander-speaks-exclusively-to-vice-news}},
  year={2015}
  }
  
  
@article{hamming2018true,
  title={The True Story of al-Qaeda’s Demise and Resurgence in Syria},
  author={Hamming, Tore Refslund and Van Ostaeyen, Pieter},
  journal={Lawfare blog, April},
  volume={8},
  year={2018}
}

@article{abouzeid2012interview,
  title={Interview with official of {Jabhat al-Nusra}, {S}yria’s {I}slamist militia group},
  author={Abouzeid, Rania},
  journal={TIME Magazine},
  volume={25},
  year={2012}
}
@book{oots1986political,
  title={A political organization approach to transnational terrorism},
  author={Oots, Kent Layne},
  year={1986},
  publisher={Greenwood Press Westport, CT}
}

@article{abdul2013start,
  title={How to start a battalion (in five easy lessons)},
  author={Abdul-Ahad, Ghaith},
  journal={London Review of Books},
  volume={35},
  number={4},
  pages={13--14},
  year={2013},
  publisher={Nicholas Spice}
}


@article{haid2017behind,
  title={What is behind the Surge in Attacks Against {al-Qaeda's} {S}yrian Affiliate},
  author={Haid Haid},
  month={{January 17,}},
  year={2017},
  journal={SyriaSource},
  publisher={The Atlantic Council},
  howpublished={\url{https://www.atlanticcouncil.org/blogs/syriasource/what-is-behind-the-surge-in-attacks-against-al-qaeda-s-syrian-affiliate/}},
}

@article{coggins2015rebel,
  title={Rebel diplomacy: Theorizing violent non-state actors’ strategic use of talk},
  author={Coggins, Bridget L},
  journal={Rebel governance in civil war},
  volume={98},
  pages={98--118},
  year={2015},
  publisher={Cambridge University Press Cambridge}
}

@article{jones2019manifesto,
  title={A manifesto, in 140 characters or fewer: Social media as a tool of rebel diplomacy},
  author={Jones, Benjamin T and Mattiacci, Eleonora},
  journal={British Journal of Political Science},
  volume={49},
  number={2},
  pages={739--761},
  year={2019},
  publisher={Cambridge University Press}
}


@article{popovic2017fragile,
  title={Fragile proxies: Explaining rebel defection against their state sponsors},
  author={Popovic, Milos},
  journal={Terrorism and Political Violence},
  volume={29},
  number={5},
  pages={922--942},
  year={2017},
  publisher={Taylor \& Francis}
}

@article{huang2016rebel,
  title={Rebel diplomacy in civil war},
  author={Huang, Reyko},
  journal={International Security},
  volume={40},
  number={4},
  pages={89--126},
  year={2016},
  publisher={MIT Press}
}


@article{bapat2012understanding,
  title={Understanding state sponsorship of militant groups},
  author={Bapat, Navin A},
  journal={British Journal of Political Science},
  volume={42},
  number={1},
  pages={1--29},
  year={2012},
  publisher={Cambridge University Press}
}
 
@article{shapiro2012terrorist,
  title={Terrorist decision-making: insights from economics and political science},
  author={Shapiro, Jacob N},
  journal={Perspectives on Terrorism},
  volume={6},
  number={4/5},
  pages={5--20},
  year={2012},
  publisher={JSTOR}
}


@book{collins2002my,
  title={My jihad},
  author={Collins, Aukai},
  year={2003},
  publisher={Pocket Books}
}


@book{alhout2011my,
  title={My Life in the {PLO}: The Inside Story of the Palestinian Struggle},
  author={{Al-Hout}, Shafiq},
  editor={Jean Said Makdisi},
  translator={Hader {Al-Hout} and Laila Othman},
  year={2011},
  publisher={Pluto}
}

@article{cohen2013female,
  title={Female combatants and the perpetration of violence: Wartime rape in the Sierra Leone civil war},
  author={Cohen, Dara Kay},
  journal={World Politics},
  volume={65},
  number={3},
  pages={383--415},
  year={2013},
  publisher={Cambridge University Press}
}


@article{gaussndwhy,
  title={5 Reasons New Nonprofits Are Just Like Startups},
  author={Allison Gauss},
  journal={Classy Blog},
  howpublished={\url{https://www.classy.org/blog/5-reasons-new-nonprofits-just-like-startups/}},
  year={{n.d.}},
  misc={Accessed on February 3, 2020}
}

@article{alsuri2002lessons,
  title={Lessons learned from the armed Jihad in {S}yria},
  author={{al Suri}, Abu Musab},  journal={Document\# AFGP-2002-600080},
  publisher={Combating Terrorism Center,  West Point, New York},
  year={2002}
}

@article{kalyvas2007free,
  title={How “Free” is Free Riding in civil wars?: Violence, insurgency, and the collective action problem},
  author={Kalyvas, Stathis N and Kocher, Matthew Adam},
  journal={World politics},
  volume={59},
  number={2},
  pages={177--216},
  year={2007},
  publisher={Cambridge University Press}
}


@article{freelon2015online,
  title={Online fragmentation in wartime: A longitudinal analysis of tweets about Syria, 2011--2013},
  author={Freelon, Deen and Lynch, Marc and Aday, Sean},
  journal={The ANNALS of the American Academy of Political and Social Science},
  volume={659},
  number={1},
  pages={166--179},
  year={2015},
  publisher={SAGE Publications Sage CA: Los Angeles, CA}
}


@article{azevedo2018success,
  title={In Running Like A Startup, Nonprofits Find Success},
  author={Mary Ann Azevedo},
  journal={Crunchbase News},
  howpublished={\url{https://news.crunchbase.com/news/nonprofits-find-success-running-like-startup/}},
  year={2018},
  month={{February 9,}},
  misc={Accessed on February 3, 2020}
}

@article{frailey201looklike,
  title={What Does the Nonprofit Sector Really Look Like?},
  author={Kerstin Frailey},
  journal={Guidestar Blog},
  howpublished={\url{https://trust.guidestar.org/what-does-the-nonprofit-sector-really-look-like}},
  year={2017},
  month={{January 6,}}
}



@article{baylouny2018cash,
  title={Cash is king: financial sponsorship and changing priorities in the Syrian civil war},
  author={Baylouny, Anne Marie and Mullins, Creighton A},
  journal={Studies in Conflict \& Terrorism},
  volume={41},
  number={12},
  pages={990--1010},
  year={2018},
  publisher={Taylor \& Francis}
}


@article{burns2020bloomberg,
  title={{B}loomberg’s Billions: How the Candidate Built an Empire of Influence},
  author={Alexander Burns and Nicholas Kulish},
  journal={{The New York Times}},
  howpublished={\url{https://www.nytimes.com/interactive/2020/02/15/us/politics/michael-bloomberg-spending.html}},
  year={{2020}},
  month={{February 15,}},
  misc={Accessed on February 16, 2020} 
}

@article{lipton2014foreign,
  title={Foreign Powers Buy Influence at Think Tanks},
  author={Eric Lipton, Brooke Williams and Nicholas Confessore},
  journal={{The New York Times}},
  howpublished={\url{https://www.nytimes.com/2014/09/07/us/politics/foreign-powers-buy-influence-at-think-tanks.html}},
  year={{2014}},
  month={{September 6,}},
  misc={Accessed on February 16, 2020} 
}

@article{goldmacher2019koch,
  title={How {David Koch} and His Brother Shaped {A}merican Politics },
  author={Shane Goldmacher},
  journal={{The New York Times}},
  howpublished={\url{https://www.nytimes.com/2014/09/07/us/politics/foreign-powers-buy-influence-at-think-tanks.html}},
  year={{2019}},
  month={{August 23,}},
  misc={Accessed on February 16, 2020} 
}



@phdthesis{perkoski2015organizational,
  title={Organizational fragmentation and the trajectory of militant splinter groups},
  author={Perkoski, Evan James},
  school={University of Pennsylvania},
  year={2015}
}


@article{bloom2017constructing,
  title={Constructing expertise: Terrorist recruitment and “talent spotting” in the PIRA, Al Qaeda, and ISIS},
  author={Bloom, Mia},
  journal={Studies in Conflict \& Terrorism},
  volume={40},
  number={7},
  pages={603--623},
  year={2017},
  publisher={Taylor \& Francis}
}

@book{byman2001trends,
  title={Trends in outside support for insurgent movements},
  author={Byman, Daniel and Chalk, Peter and Hoffman, Bruce and Rosenau, William and Brannan, David},
  year={2001},
  publisher={Rand Corporation}
}

@article{byman2010agents,
  title={Agents of Destruction? Applying Principal-Agent Analysis to State-Sponsored Terrorism},
  author={Byman, Daniel and Kreps, Sarah E},
  journal={International Studies Perspectives},
  volume={11},
  number={1},
  pages={1--18},
  year={2010},
  publisher={Wiley Online Library}
}

@article{bapat2007internationalization,
  title={The internationalization of terrorist campaigns},
  author={Bapat, Navin A},
  journal={Conflict Management and Peace Science},
  volume={24},
  number={4},
  pages={265--280},
  year={2007},
  publisher={Taylor \& Francis}
}

@article{kaufmann1995decision,
  title={The decision to purchase a franchise: a study of prospective franchisees},
  author={Kaufmann, Patrick J and Stanworth, John},
  journal={Journal of Small Business Management},
  volume={33},
  number={4},
  pages={22},
  year={1995},
  publisher={Blackwell Publishers Ltd.}
}
@article{simmons2010credible,
  title={Credible commitments and the international criminal court},
  author={Simmons, Beth A and Danner, Allison},
  journal={International Organization},
  volume={64},
  number={02},
  pages={225--256},
  year={2010},
  publisher={Cambridge Univ Press}
}

@techreport{UN2006Somalia,
author = {{United Nations Monitoring Committee}},
file = {\url{http://www.securitycouncilreport.org/atf/cf/\%7B65BFCF9B-6D27-4E9C-8CD3-CF6E4FF96FF9\%7D/SOMALIA\%20S\%202006\%20913.pdf}},
month = {November},
title = {{Report of the Monitoring Group on Somalia Pursuant to 
Security Council Resolution 1676}},
year = {2006},
institution={United Nations}
}


@techreport{UN2012Somalia,
author = {{United Nations Monitoring Committee}},
title = {Report of the Monitoring Group on {S}omalia and {E}ritrea 
pursuant to Security Council {R}esolution 2002},
institution={{U}nited {N}ations},
month = {November},
year = {2012}
}

@techreport{UN2011Somalia,
author = {{United Nations Monitoring Committee}},
title = {Report of the {Monitoring Group} on {S}omalia and {E}ritrea 
pursuant to {S}ecurity {C}ouncil resolution 1916},
institution={United Nations},
month = {July},
year = {2011}
}


@article{carman2009nonprofits,
  title={Nonprofits, funders, and evaluation: Accountability in action},
  author={Carman, Joanne G},
  journal={The American Review of Public Administration},
  volume={39},
  number={4},
  pages={374--390},
  year={2009},
  publisher={Sage Publications Sage CA: Los Angeles, CA}
}


@article{Khattat2010,
author= {Mohamed Ould Khattat and Mohamed Wedoud and Siham Ali and Walid Ramzi and Nazim Fethi and Jamel Arfaoui},
title = {{Al-Qaeda} looks to {S}ahel for new funding sources},
journal ={Magharebia},
year = {2010},
month ={{October 11,}},
misc ={\url{http://magharebia.com/en_GB/articles/awi/features/2010/11/10/feature-01}}
}


@article{walker2017what,
author= {Robby Walker},
title = {What {Y Combinator} Looks for in Nonprofits},
journal ={Y Combinator Blog},
year = {2017},
month ={{September 29,}},
misc ={\url{https://blog.ycombinator.com/what-y-combinator-looks-for-in-nonprofits/}}
}


@article{Shabaab2007,
author= {Shabaab al-Mujahideen},
title ={Jihad News in {S}omalia for March 31, 2007},
journal ={Global Islamic Media Front},
note = {{Trans. SITE Intelligence Group}},
year ={2007},
month ={April 3},
howpublished={\url{http://ent.siteintelgroup.com/Multimedia/site-institute-4-3-07-ymms-attacks-video-jihad-somalia.html}}
}

@article{jabhatfs2016announce,
title= {Newly Established {J}abhat {F}ateh {AL-S}ham Releases List of 10 Objectives for {S}yria},
author ={{Abu Muhammad} {al-J}ulani},
journal ={Telegram},
note = {{Trans. SITE Intelligence Group}},
year ={2016},
month ={July 28,},
howpublished={\url{https://ent.siteintelgroup.com/Jihadist-News/newly-established-jabhat-fath-al-sham-releases-list-of-10-objectives-for-syria.html}}
}


@article{jabhatfs2016break,
title= {{NF} Leader Announces Split from {AQ}, Rebranding as {Jabhat Fateh Al-Sham}},
author ={{Abu Muhammad} {al-J}ulani},
journal ={Telegram},
note = {{Trans. SITE Intelligence Group}},
year ={2016},
month ={July 28,},
howpublished={\url{https://ent.siteintelgroup.com/Jihadist-News/nf-leader-announces-split-from-aq-rebranding-as-jabhat-fath-al-sham.html}}
}


@article{hts2019join,
title= {Strive With Your Life: Video Nasheed},
journal ={Shamana Foundation},
note = {{Trans. SITE Intelligence Group}},
year ={2019},
month ={October 7,},
howpublished={\url{https://ent.siteintelgroup.com/Chatter/fighter-urges-syrians-to-join-fighting-in-hts-aligned-video.html}}
}


@article{muhaysini2019capital,
author={Abdullah al-Muhaysini},
title= {Fiery Message from {Shaykh al-Muhaysini} to {S}yrian Youth in {T}urkey and {E}urope},
journal ={Jerusalem Is Our Capital},
note = {{Trans. SITE Intelligence Group}},
year ={2019},
month ={October 7,},
howpublished={\url{https://ent.siteintelgroup.com/Chatter/fighter-urges-syrians-to-join-fighting-in-hts-aligned-video.html}}
}

@article{jabhatfs2016deputy,
title= {{Z}awahiri's Deputy Tells {Nusra F}ront To Do What is Necessary to Preserve {S}yrian Jihad},
author ={{Ahmed Hassan} {Abu al-Khayr}},
journal ={al-Manara al-Bayda' Media Foundation},
note = {{Trans. SITE Intelligence Group}},
year ={2016},
month ={July 28,},
howpublished={\url{https://ent.siteintelgroup.com/Statements/zawahiri-s-deputy-tells-nusra-front-to-do-what-is-necessary-to-preserve-syrian-jihad.html}}
}

@article{midlarsky1980violence,
  title={Why violence spreads: The contagion of international terrorism},
  author={Midlarsky, Manus I and Crenshaw, Martha and Yoshida, Fumihiko},
  journal={International Studies Quarterly},
  pages={262-298},
  year={1980},
  publisher={JSTOR}
}

@article{BapatBond2012,
author={Bapat, Navin A. and Bond, Kanisha D.},
year=2012,
month=10,
title={Alliances Between Militant Groups},
journal={British Journal of Political Science},
volume=42,
number=4,
pages={793-824},
language={English}
}

@book{crenshaw2010terrorism,
  title={Terrorism in context},
  author={Crenshaw, Martha},
  year={2010},
  publisher={Penn State Press}
}

@article{della1995left,
  title={Left-wing terrorism in {I}taly},
  author={Della Porta, Donatella},
  journal={Terrorism in context},
  pages={105--159},
  year={1995},
  publisher={University Park, PA: Pennsylvania University Press}
}

@book{levy2017exile,
  title={The Exile: The Stunning Inside Story of Osama Bin Laden and Al Qaeda in Flight},
  author={Levy, Adrian and Scott-Clark, Catherine},
  year={2017},
  publisher={Bloomsbury Publishing USA}
}


@article{crenshaw1995effectiveness,
  title={The effectiveness of terrorism in the {A}lgerian war},
  author={Crenshaw, Martha},
  journal={Terrorism in Context},
  pages={473--513},
  year={1995}
}


@misc{USAVWarsame,
  author = {{United States District Court Southern District of New York}},
  title = {{USA v. Ahmed AbdulKadir Warsame}},
 journal={United States Justice Department},
  year = {2011},
  howpublished = {\url{http://www.justice.gov/usao/nys/pressreleases/March13/WarsameUnsealingPR/Warsame\Ahmed\Indictment.pdf}},
  note = {[Online; accessed 21-October-2014]}
}

@Article{kernlab2004package,
  title = {kernlab -- An {S4} Package for Kernel Methods in {R}},
  author = {Alexandros Karatzoglou and Alex Smola and Kurt Hornik and Achim Zeileis},
  journal = {Journal of Statistical Software},
  year = {2004},
  volume = {11},
  number = {9},
  pages = {1--20},
  url = {http://www.jstatsoft.org/v11/i09/},
}


@article{Benson2011,
   author = {Benson, Pam},
   title =  {Official: {S}omali terrorist suspect was in contact with {Anwar al-Awlaki}},
   journal = {CNN.com},
   month =  {July},
   year =   {2011},
   url = {http://www.cnn.com/2011/CRIME/07/07/somali.terror.suspect/},
   note = {[Online; Accessed 21-October-2014]}
 }

@article{AQIM2010Boko,
author= {Abu Musab Abdul Wadud},
title ={Extermination of {M}uslims in {N}igeria},
journal ={al-Fajr Media Center},
note = {{Trans. SITE Intelligence Group}},
year ={2010},
month ={{February 1,}},
howpublished = {url: http://ent.siteintelgroup.com/Jihadist-News/site-intel-group-2-1-10-aqim-leader-support-nigeria.html}
}

@article{AQIM2013Steadfast,
author= {Abu Yahya al-Shanqiti},
title ={Episode One: Sincerity},
series= {“Say: ‘{I} believe in {A}llah,’ and then be steadfast.”},
journal ={{A}l-{A}ndalus {M}edia {F}oundation},
note = {{Trans. SITE Intelligence Group}},
year ={2013},
month ={{August 27,}},
misc = {url: http://ent.siteintelgroup.com/Multimedia/aqim-begins-new-series-say-i-believe-in-allah-then-be-steadfast.html}
}

@article{AQIM2012Azawad,
author= {Abdelmalek Droukdel},
title ={AQIM Leader Gives Advice to Fighters in Azawad},
journal = {Sahara Media},
note = {{Trans. SITE Intelligence Group}},
year ={2012},
month ={{May 24,}},
howpublished = {url:http://ent.siteintelgroup.com/Multimedia/aqim-leader-gives-advice-to-fighters-in-azawad.html}
}

@article{eid2017french,
author= {Ali Eid},
title ={{French jihadists were ISIS smart bomb to strike EU: leaks}},
journal = {{Zaman Al Wasl}},
year ={2017},
month ={{October 15,}},
howpublished = {\url{https://en.zamanalwsl.net/news/article/30422/}}
}

@article{skaperdas2001political,
  title={The political economy of organized crime: providing protection when the state does not},
  author={Skaperdas, Stergios},
  journal={Economics of Governance},
  volume={2},
  number={3},
  pages={173--202},
  year={2001},
  publisher={Springer}
}

@article{skarbek2011governance,
  title={Governance and prison gangs},
  author={Skarbek, David},
  journal={American Political Science Review},
  volume={105},
  number={4},
  pages={702--716},
  year={2011},
  publisher={Cambridge University Press}
}

@article{salehyan2014external,
  title={External rebel sponsorship and civilian abuse: A principal-agent analysis of wartime atrocities},
  author={Salehyan, Idean and Siroky, David and Wood, Reed M},
  journal={International Organization},
  volume={68},
  number={3},
  pages={633--661},
  year={2014},
  publisher={Cambridge University Press}
}


@article{nwajiaku2012political,
  title={The political economy of oil and ‘rebellion’in Nigeria's Niger Delta},
  author={Nwajiaku-Dahou, Kathryn},
  journal={Review of African Political Economy},
  volume={39},
  number={132},
  pages={295--313},
  year={2012},
  publisher={Taylor \& Francis}
}


@article{cunningham2013actor,
  title={Actor fragmentation and civil war bargaining: How internal divisions generate civil conflict},
  author={Cunningham, Kathleen Gallagher},
  journal={American Journal of Political Science},
  volume={57},
  number={3},
  pages={659--672},
  year={2013},
  publisher={Wiley Online Library}
}


@article{skaperdas2002warlord,
  title={Warlord competition},
  author={Skaperdas, Stergios},
  journal={Journal of Peace Research},
  volume={39},
  number={4},
  pages={435--446},
  year={2002},
  publisher={Sage Publications London}
}


@article{leeson2007arrgh,
  title={An-arrgh-chy: The law and economics of pirate organization},
  author={Leeson, Peter T},
  journal={Journal of political economy},
  volume={115},
  number={6},
  pages={1049--1094},
  year={2007},
  publisher={The University of Chicago Press}
}


@article{sullivan2002drug,
  title={Drug cartels, street gangs, and warlords},
  author={Sullivan, John P and Bunker, Robert J},
  journal={Small Wars and Insurgencies},
  volume={13},
  number={2},
  pages={40--53},
  year={2002},
  publisher={Taylor \& Francis}
}


@article{zaw2017hr,
title ={{ISIS} has {'HR department'} sorts all jihadists data, experiences},
author = {{Zaman Al Wasl}},
year ={2017},
month ={{March 5,}},
howpublished = {\url{https://en.zamanalwsl.net/news/article/23994/}}
}

@article{dtr2011papertrail,
title = {{Al-Q}aida's Paper Trail: A 'Treasure Trove' For {U.S.}},
author={Dina {Temple-Raston}},
journal = {{NPR}},
year ={2011},
month ={{May 31,}},
howpublished = {\url{https://www.npr.org/2011/05/31/136721965/al-qaidas-paper-trail-a-treasure-trove-for-u-s}}
}


@MISC{AQIM2014ISIL,
author= {{Central Region of al-Qaeda in the Islamic Maghreb}},
title ={A Support from the {I}slamic {M}aghreb for the {I}slamic {S}tate in {I}raq and the {L}evant},
note = {{Trans. SITE Intelligence Group}},
year ={2014},
month ={{March 24,}},
misc = {url: http://ent.siteintelgroup.com/Jihadist-News/message-attributed-to-aqim-in-the-central-region-gives-advice-to-isil.htmll}
}


@book{wright2006looming,
  title={The Looming Tower},
  author={Wright, Lawrence},
  year={2006},
  publisher={Random House LLC}
}

@book{hegghammer2010jihad,
  title={Jihad in {Saudi Arabia}: violence and pan-{I}slamism since 1979},
  author={Hegghammer, Thomas},
  year={2010},
  publisher={Cambridge University Press Cambridge}
}

@article{Mekhennetetall2012,
   author = {Souad Mekhennet and Michael Moss and Eric Schmitt and Elaine Sciolino and Margot Williams},
   title =  {A Ragtag Insurgency Gains a {Q}aeda Lifeline},
   journal = {The {N}ew {Y}ork {T}imes},
   month =  {June 7},
   year =   {2012},
   note = {[Online; Accessed 21-October-2014]}
 }

@article{nacos2010revisiting,
  title={Revisiting the contagion hypothesis: Terrorism, news coverage, and copycat attacks},
  author={Nacos, Brigitte L},
  journal={Perspectives on Terrorism},
  volume={3},
  number={3},
  year={2010}
}

@techreport{lahoud2012letters,
  title={Letters from Abbottabad: Bin Ladin Sidelined?},
  author={Lahoud, Nelly and Caudill, Stuart and Collins, Liam and Koehler-Derrick, Gabriel and Rassler, Don and al-Ubaydi, Muhammad},
  year={2012},
  institution={Combating Terrorism Center}
}


@techreport{Abbottabad01, 
  author={{CTC Sentinel}},
  title={SOCOM-2012-0000003-HT},
  journal={Abbottabad Documents},
  year={2012},
  institution = {Combating Terrorism Center}
}

@techreport{AbbottabadSomalia,
author={{CTC Sentinel}},
title = {SOCOM-2012-0000004-HT},
journal = {Abbottabad Documents},
year = {2012},
institution = {Combating Terrorism Center}
}

@article{crenshaw1987theories,
  title={Theories of terrorism: Instrumental and organizational approaches},
  author={Crenshaw, Martha},
  journal={The Journal of strategic studies},
  volume={10},
  number={4},
  pages={13--31},
  year={1987},
  publisher={Taylor \& Francis}
}

@article{berman2011can,
  title={Can hearts and minds be bought? The economics of counterinsurgency in Iraq},
  author={Berman, Eli and Shapiro, Jacob N and Felter, Joseph H},
  journal={Journal of Political Economy},
  volume={119},
  number={4},
  pages={766--819},
  year={2011}
}

@article{shapiro2012moral,
  title={Moral hazard, discipline, and the management of terrorist organizations},
  author={Shapiro, Jacob N and Siegel, David A},
  journal={World Politics},
  volume={64},
  number={01},
  pages={39--78},
  year={2012},
  publisher={Cambridge University Press}
}

@book{shapiro2013terrorist,
  title={The Terrorist's Dilemma: Managing Violent Covert Organizations},
  author={Shapiro, Jacob N},
  year={2013},
  publisher={Princeton University Press}
}

@article{taliento2005corporate,
  title={A corporate executive's short guide to leading nonprofits},
  author={Taliento, Lynn and Silverman, Les},
  journal={Strategy \& Leadership},
  year={2005},
  publisher={Emerald Group Publishing Limited}
}


@techreport{felter2006harmony,
  title={Harmony and disharmony: Exploiting al-Qa'ida's organizational vulnerabilities},
  author={Felter, Joe and Bramlett, Jeff and Perkins, Bill and Brachman, Jarret and Fishman, Brian and Forest, James and Kennedy, Lianne and Shapiro, Jacob and Stocking, Tom},
  year={2006},
  institution={DTIC Document}
}

@article{nemeth2013effect,
  title={The Effect of Competition on Terrorist Group Operations},
  author={Nemeth, Stephen},
  journal={Journal of Conflict Resolution},
  pages={1--27},
  year={2013},
  publisher={SAGE Publications}
}

@book{wilson2011branding,
  title={Branding, Cannibalization, and Spatial Preemption: An Application to the Hotel Industry},
  author={Wilson, Nathan E},
  year={2011},
  publisher={Bureau of Economics, Federal Trade Commission}
}

@article{APAQIMMali,
  author= {Abdelmalek Droukdel},
  journal={The Associated Press},
  title = {{M}ali-Al-{Q}aida's {S}ahara Playbook},
  month= {February},
  year={2013}
}

@article{mcallister2004qaeda,
  title={Al Qaeda and the innovative firm: demythologizing the network},
  author={McAllister, Brad},
  journal={Studies in Conflict \& Terrorism},
  volume={27},
  number={4},
  pages={297--319},
  year={2004},
  publisher={Taylor \& Francis}
}

@article{hoffman2013qaeda,
  title={Al Qaeda's Uncertain Future},
  author={Hoffman, Bruce},
  journal={Studies in Conflict \& Terrorism},
  volume={36},
  number={8},
  pages={635--653},
  year={2013},
  publisher={Taylor \& Francis}
}

@article{wood2009armed,
  title={Armed groups and sexual violence: when is wartime rape rare?},
  author={Wood, Elisabeth Jean},
  journal={Politics \& Society},
  volume={37},
  number={1},
  pages={131--161},
  year={2009},
  publisher={SAGE Publications}
}

@article{fishman2008using,
  title={Using the mistakes of al Qaeda's franchises to undermine its strategies},
  author={Fishman, Brian},
  journal={The ANNALS of the American Academy of Political and Social Science},
  volume={618},
  number={1},
  pages={46--54},
  year={2008},
  publisher={Sage Publications}
}


@techreport{evans2007collective,
  title={Collective Reputation, Professional Regulation and Franchising},
  author={Evans, Robert Andrew and Guinnane, Timothy W},
  year={2007},
  institution={Cowles Foundation for Research in Economics, Yale University}
}

@book{hutchinson1978revolutionary,
  title={Revolutionary terrorism: the FLN in Algeria, 1954-1962},
  author={Hutchinson, Martha Crenshaw},
  year={1978},
  publisher={Hoover Institution Press, Stanford University}
}

@article{crenshaw2011explaining,
  title={Explaining Terrorism},
  author={Crenshaw, Martha},
  journal={Causes, Processes and Consequences. New York},
  year={2011}
}

@article{horgan2009deradicalization,
  title={Deradicalization or disengagement? A process in need of clarity and a counterterrorism initiative in need of evaluation},
  author={Horgan, John},
  journal={Revista de Psicolog{\'\i}a Social},
  volume={24},
  number={2},
  pages={291--298},
  year={2009},
  publisher={Taylor \& Francis}
}

@Misc{State2010Mehsud,
  Author = {{Rewards For Justice Program}},
  title = {Seeking Information Against International Terrorist: {H}akimullah {M}ehsud}, 
  date= {Accessed November 30, 2013},
  year= {2010}
}


@article{Dowd2013myth,
  title={The myth of global {I}slamic terrorism and local conflict in {M}ali and the {S}ahel},
  author={Dowd, Caitriona and Raleigh, Clionadh},
  journal={African {A}ffairs},
  pages={498-509},
  year=2013,
  publisher={Royal African Soc}
}

@article{filiu2009local,
  title={The Local and Global Jihad of al-Qa'ida in the Islamic Maghrib},
  author={Filiu, Jean-Pierre},
  journal={The Middle East Journal},
  volume={63},
  number={2},
  pages={213--226},
  year={2009},
  publisher={Middle East Institute}
}

@article{marret2008qaeda,
  title={Al-Qaeda in Islamic Maghreb: A “Glocal” Organization},
  author={Marret, Jean-Luc},
  journal={Studies in Conflict \& Terrorism},
  volume={31},
  number={6},
  pages={541--552},
  year={2008},
  publisher={Taylor \& Francis}
}

@inproceedings{mccubbins1987theory,
  title={A theory of congressional delegation},
  author={McCubbins, Mathew D and Page, Talbot},
  booktitle={Congress: Structure and policy},
  volume={409},
  pages={411--13},
  year={1987},
  organization={Cambridge University Press Cambridge}
}

@article{mccubbins1987administrative,
  title={Administrative procedures as instruments of political control},
  author={McCubbins, Mathew D and Noll, Roger G and Weingast, Barry R},
  journal={Journal of Law, Economics, \& Organization},
  volume={3},
  number={2},
  pages={243--277},
  year={1987}
}

@article{farah2003terrorism,
  title={Terrorism Inc.: Al-Qaeda Franchises Brand of Violence to Groups across World},
  author={Farah, Douglas and Finn, Peter},
  journal={Washington Post},
month={{November 21, 2003}},
  year={2003}
}


@article{de2005terrorist,
  title={The Terrorist Endgame A Model with Moral Hazard and Learning},
  author={{Bueno de Mesquita}, Ethan},
  journal={Journal of Conflict Resolution},
  volume={49},
  number={2},
  pages={237--258},
  year={2005},
  publisher={Sage Publications}
}

@article{csm2013conference,
  title={{A}l {Q}aeda's "conference call" and claims that the group is on the rise},
  author={Dan Murphy},
  journal={The Christian Science Monitor},
  year={2013},
month= {AUGUST 9,}
}


@article{kalyvas1999wanton,
  title={Wanton and senseless? The logic of massacres in Algeria},
  author={Kalyvas, Stathis N},
  journal={Rationality and Society},
  volume={11},
  number={3},
  pages={243--285},
  year={1999},
  publisher={Sage Publications}
}

@book{kalyvas2006logic,
  title={The logic of violence in civil war},
  author={Kalyvas, Stathis N},
  year={2006},
  publisher={Cambridge University Press}
}

@article{kalyvas2003ontology,
  title={The ontology of “political violence”: action and identity in civil wars},
  author={Kalyvas, Stathis N},
  journal={Perspective on Politics},
  volume={1},
  number={03},
  pages={475--494},
  year={2003},
  publisher={Cambridge University Press}
}

@article{shapiro2005greedy,
  title={The greedy terrorist: A rational choice perspective on terrorist organizations’ inefficiencies and vulnerabilities},
  author={Shapiro, Jacob},
  journal={Strategic Insights},
  volume={4},
  number={1},
  year={2005}
}


@MISC{Vanguard2011Somalia,
author= {{Al-Qaeda in Afghanistan}},
title ={The Escalation of the Conspiracies by the Disbelieving Global System Against {S}omalia},
journal= {{V}anguards of {K}horasan},
volume ={19},
note = {{Trans. SITE Intelligence Group}},
year ={2011},
month ={September 11,},
url= {http://ent.siteintelgroup.com/Jihadist-News/site-intel-group-9-16-11-support-shabaab-vanguards-khorasan-19.html}
}

@article{AQIM2008Splits,
journal={{CTC Sentinel}},
title = {{AQIM}’s Expanding Internationalist Agenda},
author = {Andrew Black},
year = {2008},
month= {April 15,},
institution = {Combating Terrorism Center}
}

@article{liberte2007AQIM,
journal= {Libert\'e},
title={{L'“\'emir” du Sahel parle de l'agonie du GSPC}},
author = {Amina Hadjiat},
year={2007},
month ={August 15,},
howpublished={http://www.djazairess.com/fr/liberte/81675}
}

@misc{SD2009ForeignMil, 
  author={{United States State Department}},
  title={Foreign Military Training: Fiscal Years 2009 - 2010},
  journal={Joint Report to Congress},
  year= {2010},
howpublished ={http://www.state.gov/documents/organization/155982.pdf},
volume ={1}
}

@misc{SD2009Bilat, 
  author={{United States State Department}},
  title={Country Profile: Algeria},
  journal ={{U.S. B}ilateral relations Background Notes},
  year= {2009}, 
howpublished= {http://go.usa.gov/U925}
}

@misc{SD2005Humanrights, 
  author={{United States State Department}},
  title={Update to Annex One of the Second Periodic Report of the {U}nited {S}tates of {A}merica to the {C}ommittee {A}gainst {T}orture}, 
  journal ={{U.S. B}ilateral relations Background Notes},
  year= {2009}, 
  month={October 21,}, 
  url= {http://www.state.gov/j/drl/rls/55712.htm}
}

@article{szekely2014friend,
  title={A Friend in Need: The Impact of the Syrian Civil War on Syria's Clients (A Principal--Agent Approach)},
  author={Szekely, Ora},
  journal={Foreign Policy Analysis},
  year={2014},
  publisher={Wiley Online Library}
}

@article{Carnegie2009AQIM,    
   author = {Jean-Pierre Filiu.},    
  journal = {Carnegie Endowment for International Peace},    
   title = {{Al-Qaeda} in the {I}slamic {M}aghreb: {A}lgerian Challenge or Global Threat?},    
   series ={Carnegie Papers},
  month = {October},    
  issue={104},
   year = {2009}    
}

@article{putnam1988diplomacy,
  title={Diplomacy and domestic politics: the logic of two-level games},
  author={Putnam, Robert D},
  journal={International organization},
  volume={42},
  number={03},
  pages={427--460},
  year={1988},
  publisher={Cambridge University Press}
}

@book{weinstein2006inside,
  title={Inside rebellion: The politics of insurgent violence},
  author={Weinstein, Jeremy M},
  year={2006},
  publisher={Cambridge University Press}
}



@article{cohen2013explaining,
  title={Explaining rape during civil war: Cross-national evidence (1980--2009)},
  author={Cohen, Dara Kay},
  journal={American Political Science Review},
  volume={107},
  number={03},
  pages={461--477},
  year={2013},
  publisher={Cambridge Univ Press}
}

@book{horgan2009walking,
  title={Walking away from terrorism: Accounts of disengagement from radical and extremist movements},
  author={Horgan, John G},
  year={2009},
  publisher={Routledge}
}

@incollection{della2008leaving,
  title={Leaving underground organizations: A sociological analysis of the Italian case},
  author={{Della Porta}, Donatella},
  booktitle={Leaving Terrorism Behind},
  pages={84--105},
  year={2008},
  publisher={Routledge}
}


@book{bjorgo2008leaving,
  title={Leaving terrorism behind: Individual and collective disengagement},
  author={Bjorgo, Tore and Horgan, John G},
  year={2008},
  publisher={Routledge}
}


@article{abrahms2015explaining,
  title={Explaining terrorism: Leadership deficits and militant group tactics},
  author={Abrahms, Max and Potter, Philip BK},
  journal={International Organization},
  volume={69},
  number={2},
  pages={311--342},
  year={2015},
  publisher={Cambridge University Press}
}


@article{shapiro2007underfunding,
  title={Underfunding in terrorist organizations},
  author={Shapiro, Jacob N and Siegel, David A},
  journal={International Studies Quarterly},
  volume={51},
  number={2},
  pages={405--429},
  year={2007},
  publisher={Wiley Online Library}
}


@article{lewis2017does,
  title={How does ethnic rebellion start?},
  author={Lewis, Janet I},
  journal={Comparative Political Studies},
  volume={50},
  number={10},
  pages={1420--1450},
  year={2017},
  publisher={SAGE Publications Sage CA: Los Angeles, CA}
}

@article{perkoski2019internal,
  title={Internal Politics and the Fragmentation of Armed Groups},
  author={Perkoski, Evan},
  journal={International Studies Quarterly},
  volume={63},
  number={4},
  pages={876--889},
  year={2019},
  publisher={Oxford University Press}
}

@book{lidow2016violent,
  title={Violent Order: Understanding Rebel Governance Through Liberia's Civil War},
  author={Lidow, Nicholai Hart},
  year={2016},
  publisher={Cambridge University Press}
}


@article{challenges2014nonprofits,
author={Wolfgang Bielefeld},
title= {The Challenges of New Nonprofits},
journal= {Nonprofit Quarterly},
year={2014},
month={{December 31,}},
publisher= {},
howpublished={\url{https://nonprofitquarterly.org/the-challenges-of-new-nonprofits/}}
}

@article{byman2008understanding,
  title={Understanding proto-insurgencies},
  author={Byman, Daniel},
  journal={Journal of Strategic Studies},
  volume={31},
  number={2},
  pages={165--200},
  year={2008},
  publisher={Taylor \& Francis}
}


@article{hundman2019rogues,
  title={Rogues, degenerates, and heroes: Disobedience as politics in military organizations},
  author={Hundman, Eric and Parkinson, Sarah E},
  journal={European Journal of International Relations},
  pages={1354066118823891},
  year={2019},
  publisher={SAGE Publications Sage UK: London, England}
}

@article{morrison2002newcomers,
  title={Newcomers' relationships: The role of social network ties during socialization},
  author={Morrison, Elizabeth Wolfe},
  journal={Academy of management Journal},
  volume={45},
  number={6},
  pages={1149--1160},
  year={2002},
  publisher={Academy of Management Briarcliff Manor, NY 10510}
}



@book{hammer,
  title={{The Blood and Honour Field Manual}},
  author={Max Hammer},
  year={{n.d.}},
  publisher={\url{https://archive.org/details/Blood_Honour_Field_Manual_Max_Hammer}}
}

@book{aqmanual,
  author={{Al Qaeda}},
  title={{Training Manual}},      
  editor={{Translated by United States Department of Justice}},
  year={{n.d.}},
  publisher={\url{https://www.justice.gov/sites/default/files/ag/legacy/2002/10/08/manualpart1_1.pdf}}
}

@book{kotter2012leading,
  title={Leading change},
  author={Kotter, John P},
  year={2012},
  publisher={Harvard business press}
}

@article{tamm2016rebel,
  title={Rebel leaders, internal rivals, and external resources: How state sponsors affect insurgent cohesion},
  author={Tamm, Henning},
  journal={International Studies Quarterly},
  volume={60},
  number={4},
  pages={599--610},
  year={2016},
  publisher={Oxford University Press}
}


@book{wanous1992organizational,
  title={Organizational entry: Recruitment, selection, orientation, and socialization of newcomers},
  author={Wanous, John P},
  year={1992},
  publisher={Prentice Hall}
}

@article{peterson2018classification,
  title={Classification accuracy as a substantive quantity of interest: Measuring polarization in Westminster systems},
  author={Peterson, Andrew and Spirling, Arthur},
  journal={Political Analysis},
  volume={26},
  number={1},
  pages={120--128},
  year={2018},
  publisher={Cambridge University Press}
}



@article{patel2017tips,
  title={5 Tips for recruiting the best employees},
  author={Deep Patel},
  journal={Forbes Magazine},
  howpublished={\url{https://www.forbes.com/sites/deeppatel/2017/03/22/5-tips-for-recruiting-the-best-employees}},
  month={{March 22,}},
  year={2017}
}

@article{shayler2019how,
  title={How to start a militia in six simple steps},
  author={Karik Shayler},
  journal={Shooting Mystery},
  howpublished={\url{https://shootingmystery.com/start-militia-six-simple-steps/}},
  month={{May 22,}},
  year={2019}
}
@article{croft2019how,
  title={How to start a militia and get away with it},
  author={{J. Croft}},
  journal={Freedom Guide},
  howpublished={\url{https://freedomguide.wordpress.com/2012/06/09/how-to-start-a-militia-and-get-away-with-it/}},
  month={{June 09,}},
  year={2012}
}

@article{connolly2015three,
  title={The Three Things {CEOs} Worry About The Most},
  author={Boris Groysberg and Katherine Connolly},
  journal={Harvard Business Review},
  howpublished={\url{https://hbr.org/2015/03/the-3-things-ceos-worry-about-the-most}},
  month={{March 16,}},
  year={2015}
}

@article{hall2012seven,
  title={The 7 C's: How to Find and Hire Great Employees},
  author={Alan Hall},
  journal={Forbes Magazine},
  howpublished={\url{https://www.forbes.com/sites/alanhall/2012/06/19/the-7-cs-how-to-find-and-hire-great-employees}},
  month={{June 19,}},
  year={2012}
}

@book{westmoreland1994start,
  title={How to Start and Train a Militia Unit},
  author={George Westmoreland},
  year={1994},
  publisher={PM 8--94}
}

@article{rynes1989recruitment,
  title={Recruitment, job choice, and post-hire consequences: A call for new research directions},
  author={Rynes, Sara L},
  year={1989}
}

@book{kotter2012heart,
  title={The heart of change: Real-life stories of how people change their organizations},
  author={Kotter, John P and Cohen, Dan S},
  year={2012},
  publisher={Harvard Business Press}
}

@article{paglis2002leadership,
  title={Leadership self-efficacy and managers' motivation for leading change},
  author={Paglis, Laura L and Green, Stephen G},
  journal={Journal of Organizational Behavior: The International Journal of Industrial, Occupational and Organizational Psychology and Behavior},
  volume={23},
  number={2},
  pages={215--235},
  year={2002},
  publisher={Wiley Online Library}
}

@book{barber1998recruiting,
  title={Recruiting employees: Individual and organizational perspectives},
  author={Barber, Alison E},
  volume={8},
  year={1998},
  publisher={Sage Publications}
}


@Article{randomforest2002package,
     title = {Classification and Regression by randomForest},
     author = {Andy Liaw and Matthew Wiener},
     journal = {R News},
     year = {2002},
     volume = {2},
     number = {3},
     pages = {18-22},
     url = {https://CRAN.R-project.org/doc/Rnews/}
}

@article{horowitz2010nonstate,
  title={Nonstate actors and the diffusion of innovations: The case of suicide terrorism},
  author={Horowitz, Michael C},
  journal={International Organization},
  volume={64},
  number={1},
  pages={33--64},
  year={2010},
  publisher={Cambridge University Press}
}

@article{schubiger2017ideology,
  title={Ideology in armed groups},
  author={Schubiger, Livia Isabella and Zelina, Matthew},
  journal={PS: Political Science \& Politics},
  volume={50},
  number={4},
  pages={948--952},
  year={2017},
  publisher={Cambridge University Press}
}


@article{gates2002recruitment,
  title={Recruitment and allegiance: The microfoundations of rebellion},
  author={Gates, Scott},
  journal={Journal of Conflict resolution},
  volume={46},
  number={1},
  pages={111--130},
  year={2002},
  publisher={Sage Publications Thousand Oaks}
}


@article{kenny2010structural,
  title={Structural integrity and cohesion in insurgent organizations: Evidence from protracted conflicts in {I}reland and {B}urma1},
  author={Kenny, Paul D},
  journal={International Studies Review},
  volume={12},
  number={4},
  pages={533--555},
  year={2010},
  publisher={Wiley Online Library}
}

@inproceedings{joachims1998text,
  title={Text categorization with support vector machines: Learning with many relevant features},
  author={Joachims, Thorsten},
  booktitle={European conference on machine learning},
  pages={137--142},
  year={1998},
  organization={Springer}
}


@inproceedings{joachims1999transductive,
  title={Transductive inference for text classification using support vector machines},
  author={Joachims, Thorsten},
  booktitle={Icml},
  volume={99},
  pages={200--209},
  year={1999}
}

@misc{icews2015data,
title={{ICEWS} Coded Event Data},
year={2015},
author={Boschee, Elizabeth; Lautenschlager, Jennifer; O'Brien, Sean; Shellman, Steve; Starz, James; Ward, Michael},
howpublished={\url{https://doi.org/10.7910/DVN/28075}},
publisher={Harvard Dataverse}
}

@Manual{tm2008manual,
  title = {tm: Text Mining Package},
  author = {Ingo Feinerer and Kurt Hornik},
  year = {2018},
  note = {R package version 0.7-6},
  url = {https://CRAN.R-project.org/package=tm},
}

@Article{tm2008article,
  title = {Text Mining Infrastructure in R},
  author = {Ingo Feinerer and Kurt Hornik and David Meyer},
  year = {2008},
  journal = {Journal of Statistical Software},
  volume = {25},
  number = {5},
  pages = {1--54},
  url = {http://www.jstatsoft.org/v25/i05/},
  month = {March},
}

@book{hirschman1970exit,
  title={Exit, voice, and loyalty: Responses to decline in firms, organizations, and states},
  author={Hirschman, Albert O},
  volume={25},
  year={1970},
  publisher={Harvard university press}
}

@book{wilkinson2014handbook,
  title={Handbook of research on employee voice: Elgar original reference},
  author={Wilkinson, Adrian and Donaghey, Jimmy and Dundon, Tony and Freeman, Richard B},
  year={2014},
  publisher={Edward Elgar Publishing}
}

@article{kastelle2013hierarchy,
  title={Hierarchy is overrated},
  author={Kastelle, Tim},
  journal={Harvard Business Review},
  volume={20},
  year={2013}
}

@book{kotter2010buy,
  title={Buy-in: Saving your good idea from getting shot down},
  author={Kotter, John P and Whitehead, Lorne A},
  year={2010},
  publisher={Harvard Business Press}
}

@article{broder2013buy,
  author={Lindsay Broder},
  title={Change Is Good. Now, How to Get Employees to Buy In},
  year={2013},
  month={{August 22,}},
  publisher={Entrepreneur}
}

@article{hedges2015buy,
  author={Kristi Hedges},
  title={How To Get Real Buy-In For Your Idea},
  year={2015},
  month={{March 16,}},
  publisher={Forbes}
}

@article{hubspot2020tips,
  author={Hubspot.com},
  title={Getting Buy-In For Your Vision},
  year={2010},
 howpublished={\url{https://www.hubspot.com/leadership-tips-crafting-a-team-vision}}
}

@article{suster2011hire,
  author={Mark Suster},
  title={Startup Mantra: Hire Fast, Fire Fast},
  year={2011},
  month={{May 26,}},
  journal={TechCrunch},
 howpublished={\url{https://techcrunch.com/2011/05/26/startup-mantra-hire-fast-fire-fast/}}
}
@article{ariani2013relationship,
  title={The relationship between employee engagement, organizational citizenship behavior, and counterproductive work behavior},
  author={Ariani, Dorothea Wahyu},
  journal={International Journal of Business Administration},
  volume={4},
  number={2},
  pages={46},
  year={2013},
  publisher={Sciedu Press}
}

@article{dalal2012relative,
  title={The relative importance of employee engagement, other job attitudes, and trait affect as predictors of job performance},
  author={Dalal, Reeshad S and Baysinger, Michael and Brummel, Bradley J and LeBreton, James M},
  journal={Journal of Applied Social Psychology},
  volume={42},
  pages={E295--E325},
  year={2012},
  publisher={Wiley Online Library}
}


@book{hersey2007management,
  title={Management of organizational behavior},
  author={Hersey, Paul and Blanchard, Kenneth H and Johnson, Dewey E},
  volume={9},
  year={2007},
  publisher={Prentice hall Upper Saddle River, NJ}
}

@article{spector2010counterproductive,
  title={Counterproductive work behavior and organisational citizenship behavior: Are they opposite forms of active behavior?},
  author={Spector, Paul E and Fox, Suzy},
  journal={Applied Psychology},
  volume={59},
  number={1},
  pages={21--39},
  year={2010},
  publisher={Wiley Online Library}
}


@article{morris2000experimental,
  title={An experimental investigation of group members' perceived influence over leader decisions.},
  author={Morris, Leigh and Hulbert, Lorne and Abrams, Dominic},
  journal={Group Dynamics: Theory, Research, and Practice},
  volume={4},
  number={2},
  pages={157},
  year={2000},
  publisher={Educational Publishing Foundation}
}



@article{covin1988influence,
  title={The influence of organization structure on the utility of an entrepreneurial top management style},
  author={Covin, Jeffrey G and Slevin, Dennis P},
  journal={Journal of management studies},
  volume={25},
  number={3},
  pages={217--234},
  year={1988},
  publisher={Wiley Online Library}
}


@inproceedings{bailey2010s,
  title={What's your idea? A case study of a grassroots innovation pipeline within a large software company},
  author={Bailey, Brian P and Horvitz, Eric},
  booktitle={Proceedings of the SIGCHI Conference on Human Factors in Computing Systems},
  pages={2065--2074},
  year={2010}
}


@article{thomson1999buy,
  title={The buy-in benchmark: How staff understanding and commitment impact brand and business performance},
  author={Thomson, Kevin and De Chernatony, Leslie and Arganbright, Lorrie and Khan, Sajid},
  journal={Journal of Marketing Management},
  volume={15},
  number={8},
  pages={819--835},
  year={1999},
  publisher={Taylor \& Francis}
}

@incollection{thomson2000business,
  title={The business value of buy-in: How staff understanding and commitment impact on brand and business performance},
  author={Thomson, Kevin},
  booktitle={Internal marketing: Directions for management},
  pages={178--190},
  year={2000},
  publisher={Routledge}
}


@article{ridzi2004making,
  title={Making TANF work: Organizational restructuring, staff buy-in, and performance monitoring in local implementation},
  author={Ridzi, Frank},
  journal={J. Soc. \& Soc. Welfare},
  volume={31},
  pages={27},
  year={2004},
  publisher={HeinOnline}
}

@article{paraszczuk2019ali,
  title={Exclusive: Interview with Ali Shshani, the new Commander of Malhama Tactical},
  author={Paraszczuk, Joanna},
  journal={Chechensinsyria.com},
  month={{September 12}},
  year={2019}
}

@article{heller2016keeping,
  title={Keeping the lights on in rebel Idlib},
  author={Heller, Sam},
  journal={The Century Foundation},
  volume={29},
  year={2016}
}

@article{pom2013nusra,
  title={An interview with {Jabhat al-Nusra}},
  author={{Pomegranate Blog}},
  journal={The Economist},
  volume={{May 23,}},
  howpublished={\url{https://www.economist.com/pomegranate/2013/05/23/an-interview-with-jabhat-al-nusra}},
  year={2013}
}


@article{heller2016home,
  title={The Home of Syria’s Only Real Rebels},
  author={Heller, Sam},
  journal={The Daily Beast},
  pages={192},
  year={2016}
}


@article{wilkinson2011new,
  title={New times for employee voice?},
  author={Wilkinson, Adrian and Fay, Charles},
  journal={Human Resource Management},
  volume={50},
  number={1},
  pages={65--74},
  year={2011},
  publisher={Wiley Online Library}
}

@article{farrell1983exit,
  title={Exit, voice, loyalty, and neglect as responses to job dissatisfaction: A multidimensional scaling study},
  author={Farrell, Dan},
  journal={Academy of management journal},
  volume={26},
  number={4},
  pages={596--607},
  year={1983},
  publisher={Academy of Management Briarcliff Manor, NY 10510}
}

@article{dowding2000exit,
  title={Exit, voice and loyalty: Analytic and empirical developments},
  author={Dowding, Keith and John, Peter and Mergoupis, Thanos and Van Vugt, Mark},
  journal={European Journal of Political Research},
  volume={37},
  number={4},
  pages={469--495},
  year={2000},
  publisher={Wiley Online Library}
}
@article{withey1989predicting,
  title={Predicting exit, voice, loyalty, and neglect},
  author={Withey, Michael J and Cooper, William H},
  journal={Administrative science quarterly},
  pages={521--539},
  year={1989},
  publisher={JSTOR}
}

@Manual{leeper2018cregg,
    title = {cregg: Simple Conjoint Analyses and Visualization},
    author = {Thomas J. Leeper},
    year = {2018},
    note = {R package version 0.3.0},
  }



@article{liu2010warn,
  title={{I} warn you because {I} like you: Voice behavior, employee identifications, and transformational leadership},
  author={Liu, Wu and Zhu, Renhong and Yang, Yongkang},
  journal={The Leadership Quarterly},
  volume={21},
  number={1},
  pages={189--202},
  year={2010},
  publisher={Elsevier}
}

@article{morrison2011employee,
  title={Employee voice behavior: Integration and directions for future research},
  author={Morrison, Elizabeth W},
  journal={Academy of Management annals},
  volume={5},
  number={1},
  pages={373--412},
  year={2011},
  publisher={Routledge}
}



@misc{breiman2007rf,
title={Random Forests Classification Description},
authors={Leo Breiman and Adele Cutler},
year={2007},
howpublished={\url{https://www.stat.berkeley.edu/~breiman/RandomForests/surv_home.htm}}
}

@book{cristianini2000introduction,
  title={An introduction to support vector machines and other kernel-based learning methods},
  author={Cristianini, Nello and Shawe-Taylor, John and others},
  year={2000},
  publisher={Cambridge university press}
}

@book{anas2019mountains,
  title={To the Mountains: My Life in Jihad, from Algeria to Afghanistan},
  author={Anas, Abdullah},
  year={2019},
  publisher={Oxford University Press}
}



@article{bakke2012plague,
  title={A plague of initials: Fragmentation, cohesion, and infighting in civil wars},
  author={Bakke, Kristin M and Cunningham, Kathleen Gallagher and Seymour, Lee JM},
  journal={Perspectives on Politics},
  volume={10},
  number={2},
  pages={265--283},
  year={2012},
  publisher={Cambridge University Press}
}

@article{pearlman2012nonstate,
  title={Nonstate actors, fragmentation, and conflict processes},
  author={Pearlman, Wendy and Cunningham, Kathleen Gallagher},
  journal={Journal of Conflict Resolution},
  volume={56},
  number={1},
  pages={3--15},
  year={2012},
  publisher={Sage Publications Sage CA: Los Angeles, CA}
}


@book{lister2016profiling,
  title={Profiling Jabhat al-Nusra},
  author={Lister, Charles},
  year={2016},
  publisher={Brookings Institution}
}

@article{sherlock2012inside,
  title={Inside Jabhat al Nusra-the most extreme wing of Syria's struggle},
  author={Sherlock, Ruth},
  journal={The Telegraph},
  volume={2},
  year={2012}
}


@article{seymour2014factions,
  title={Why factions switch sides in civil wars: rivalry, patronage, and realignment in Sudan},
  author={Seymour, Lee JM},
  journal={International Security},
  volume={39},
  number={2},
  pages={92--131},
  year={2014},
  publisher={MIT Press}
}


@article{gates2017membership,
  title={Membership matters: Coerced recruits and rebel allegiance},
  author={Gates, Scott},
  journal={Journal of Peace Research},
  volume={54},
  number={5},
  pages={674--686},
  year={2017},
  publisher={Sage Publications Sage UK: London, England}
}

@incollection{peters2011group,
  title={Group cohesion and coercive recruitment: Young combatants and the revolutionary united front of Sierra Leone},
  author={Peters, Krijn},
  booktitle={Child soldiers: From recruitment to reintegration},
  pages={76--90},
  year={2011},
  publisher={Springer}
}

@article{hugcivilian,
  title={Civilian Victimization and Forced Recruitment},
  author={Hug, Simon and Schubiger, Livia I}
}

@article{hussein2015exposing,
  title={Exposing Jabhat An Nusra},
  author={Omar Hussein},
  howpublished={\url{https://archive.org/stream/ExposingJabhatAnNusra/ExposingJabhatAn-Nusra_djvu.txt}},
  year={2015}
}


@article{weiss2015isis,
  title={How ISIS picks its suicide bombers},
  author={Weiss, Michael},
  journal={The Daily Beast},
  volume={16},
  year={2015}
}


@article{reuter2015butcher,
  title={I'm Not a Butcher': An Interview with {Islamic S}tate's Architect of Death},
  author={Reuter, Christopher},
  journal={Spiegel Online International},
  volume={16},
  year={2015}
}


@inproceedings{jazrawt2015exposing,
  title= {Abu Bakr Al-Jazrawt's Testimony Against {J}abhat {An-Nusrah}},
  booktitle={Exposing Jabhat An Nusra},
  author={{Abu Bakr} {al-Jazrawi}},
  howpublished={\url{https://archive.org/stream/ExposingJabhatAnNusra/ExposingJabhatAn-Nusra_djvu.txt}},
  year={2015}
  }
  
  @book{hafez2007suicide,
  title={Suicide bombers in Iraq: The strategy and ideology of martyrdom},
  author={Hafez, Mohammed M},
  year={2007},
  publisher={US Institute of Peace Press}
}

  
@article{sudani2015days,
  title={Dadys of Sahawat},
  author={{Abu Saeed} Al-Sudani},
  howpublished={\url{https://www.pdf-archive.com/2016/11/02/days-of-sahaw-t-ab-sa-ad-al-sud-n/days-of-sahaw-t-ab-sa-ad-al-sud-n.pdf}},
  year={2015}
}

@article{beber2010industrial,
  title={The industrial organization of rebellion: The logic of forced labor and child soldiering},
  author={Beber, Bernd and Blattman, Christopher and others},
  journal={NYU and Yale University},
  year={2010}
}

@techreport{lister2018loss,
  title={Al-Qa`ida's Syrian Loss},
  author={Charles Lister},
  year={2018},
  month={February},
  journal={{CTC} Sentinel},
  pages={},
  institution={Military Academy West Point NY Combating Terrorism Center}
}


@book{arjona2016rebelocracy,
  title={Rebelocracy},
  author={Arjona, Ana},
  year={2016},
  publisher={Cambridge University Press}
}

@article{dudenhoefer2016understanding,
  title={Understanding the recruitment of child soldiers in Africa},
  author={Dudenhoefer, Anne-Lynn},
  journal={Conflict trends},
  volume={2016},
  number={2},
  pages={45--53},
  year={2016},
  publisher={ACCORD}
}


@article{malthaner2015violence,
  title={Violence, legitimacy, and control: the microdynamics of support relationships between militant groups and their social environment},
  author={Malthaner, Stefan},
  journal={Civil Wars},
  volume={17},
  number={4},
  pages={425--445},
  year={2015},
  publisher={Taylor \& Francis}
}



@article{mclauchlin2010loyalty,
  title={Loyalty strategies and military defection in rebellion},
  author={McLauchlin, Theodore},
  journal={Comparative Politics},
  volume={42},
  number={3},
  pages={333--350},
  year={2010},
  publisher={City University of New York}
}

@article{mckeown2014hire,
  title={Hire Slow, Fire Fast Response},
  author={McKeown, Greg},
  journal={HARVARD BUSINESS REVIEW},
  volume={92},
  number={5},
  pages={24--24},
  year={2014},
  publisher={HARVARD BUSINESS SCHOOL PUBLISHING CORPORATION}
}

@article{davis2019strategies,
    title={Hire Fast, Fire Fast},
    author={Jennifer Davis},
    journal={Forbes},
    year={2019},
    month={{March 5}}
}

@book{woldemariam2018insurgent,
  title={Insurgent Fragmentation in the Horn of Africa: Rebellion and Its Discontents},
  author={Woldemariam, Michael},
  year={2018},
  publisher={Cambridge University Press}
}

@article{woldemariam2016battlefield,
  title={Battlefield outcomes and rebel cohesion: Lessons from the Eritrean independence war},
  author={Woldemariam, Michael},
  journal={Terrorism and Political Violence},
  volume={28},
  number={1},
  pages={135--156},
  year={2016},
  publisher={Taylor \& Francis}
}


@article{lund2013non,
  title={The non-state militant landscape in Syria},
  author={Lund, Aron},
  journal={CTC Sentinel},
  volume={6},
  number={8},
  pages={23--28},
  year={2013}
}


@book{hamid2015arabs,
  title={The {A}rabs at War in {A}fghanistan},
  author={Hamid, Mustafa and Farrall, Leah},
  year={2015},
  publisher={Oxford University Press}
}

@book{nasiri2007inside,
  title={Inside the Jihad: my life with Al Qaeda},
  author={Nasiri, Omar},
  year={2007},
  publisher={Basic Books}
}


@article{kendall2018impact,
  title={Impact of the {Y}emen war on militant jihad},
  author={Kendall, Elisabeth},
  journal={Politics, Governance, and Reconstruction in {Ye}men},
  volume={1},
  pages={27--30},
  year={2018}
}

@article{marrouch2013nusra,
  title={A Chat with a radical fighter in {S}yria},
  author={Rima Marrouch},
  journal={{N}ational {P}ublic {R}adio},
  url={https://www.npr.org/sections/thetwo-way/2013/03/09/173732210/A-Chat-With-A-Radical-Fighter-In-Syria},
  month={{March 09,}},
  year={2013}
}

@article{kendall2018contemporary,
  title={Contemporary jihadi militancy in {Y}emen},
  author={Kendall, Elisabeth},
  journal={Middle East Policy Institute},
  url={https://www.mei.edu/sites/default/files/publications/MEI\%20Policy\%20Paper_Kendall_7.pdf},
  year={2018}
}

@article{oots1989organizational,
  title={Organizational perspectives on the formation and disintegration of terrorist groups},
  author={Oots, Kent Layne},
  journal={Studies in Conflict \& Terrorism},
  volume={12},
  number={3},
  pages={139--152},
  year={1989},
  publisher={Taylor \& Francis}
}

@article{asal2008nature,
  title={The nature of the beast: Organizational structures and the lethality of terrorist attacks},
  author={Asal, Victor and Rethemeyer, R Karl},
  journal={The Journal of Politics},
  volume={70},
  number={2},
  pages={437--449},
  year={2008},
  publisher={Cambridge University Press New York, USA}
}

@article{bloom2004palestinian,
  title={Palestinian suicide bombing: Public support, market share, and outbidding},
  author={Bloom, Mia M},
  journal={Political Science Quarterly},
  volume={119},
  number={1},
  pages={61--88},
  year={2004},
  publisher={Wiley Online Library}
}

@article{bahney2013insurgent,
  title={Insurgent compensation: Evidence from {I}raq},
  author={Bahney, Benjamin W and Iyengar, Radha K and Johnston, Patrick B and Jung, Danielle F and Shapiro, Jacob N and Shatz, Howard J},
  journal={American Economic Review},
  volume={103},
  number={3},
  pages={518--22},
  year={2013}
}


@book{storm2014agent,
  title={Agent storm: My life inside Al Qaeda and the CIA},
  author={Storm, Morten and Cruickshank, Paul and Lister, Tim},
  year={2014},
  publisher={Grove/Atlantic, Inc.}
}

@book{abboud2018syria,
  title={Syria: Hot Spots in Global Politics},
  author={Abboud, Samer N},
  year={2018},
  publisher={John Wiley \& Sons}
}

@article{allen2006organizational,
  title={Do organizational socialization tactics influence newcomer embeddedness and turnover?},
  author={Allen, David G},
  journal={Journal of management},
  volume={32},
  number={2},
  pages={237--256},
  year={2006},
  publisher={Sage Publications Sage CA: Thousand Oaks, CA}
}


@book{sharif2009arafat,
  title={Arafat and the dream of {P}alestine: an insider's account},
  author={Sharif, Bassam Abu},
  year={2009},
  publisher={St. Martin's Press}
}

@phdthesis{mosinger2017dissident,
  title={Dissident Networks and Rebel Fragmentation in Civil War},
  author={Mosinger, Eric Seth},
  year={2017},
  url= {https://escholarship.org/uc/item/4wc4934s},
  school={University of California, Irvine}
}


@article{van1977toward,
  title={Toward a theory of organizational socialization},
  author={Van Maanen, John Eastin and Schein, Edgar Henry},
  year={1977},
  publisher={MIT Alfred P. Sloan School of Management}
}

@article{bauer2012organizational,
  title={Organizational socialization outcomes: Now and into the future},
  author={Bauer, Talya N and Erdogan, Berrin},
  journal={The Oxford handbook of organizational socialization},
  pages={97--112},
  year={2012},
  publisher={Oxford University Press New York}
}

@article{manekin2017limits,
  title={The limits of socialization and the underproduction of military violence: Evidence from the IDF},
  author={Manekin, Devorah},
  journal={Journal of Peace Research},
  volume={54},
  number={5},
  pages={606--619},
  year={2017},
  publisher={SAGE Publications Sage UK: London, England}
}


@article{waldeck2007organizational,
  title={Organizational assimilation theory, research, and implications for multiple areas of the discipline: A state of the art review},
  author={Waldeck, Jennifer H and Myers, Karen K},
  journal={Annals of the International Communication Association},
  volume={31},
  number={1},
  pages={322--367},
  year={2007},
  publisher={Taylor \& Francis}
}

@misc{berkelaar2019orgsoc,
      author = {Brenda L. Berkelaar and Millie A. Harrison},
      title = {Organizational Socialization},
      year = {2019},
      month = {May},
      publisher = {Oxford University Press},
      series={Oxford Research Encyclopedia of Communication},
      url = {https://oxfordre.com/communication/view/10.1093/acrefore/9780190228613.001.0001/acrefore-9780190228613-e-127}
}


@misc{morris2018health,
author= {George Morris, Dylan Roberts, John MacIntosh, Adrian Bordone},
title= {THE FINANCIAL HEALTH OF THE {U}NITED {S}TATES NONPROFIT SECTOR},
journal= {},
month= {January},
year = {2018},
publisher= {Oliver Wyman, {GuideStar}, and {SeaChange} Capital Partners}
}


@article{Grossman2015,
   author = {Andrew Grossman},
   title =  {More Foreign Fighters Traveling to {S}yria to Join Civil War},
   journal = {The {W}all {S}treet {J}ournal},
   month =  {February 10},
   year =   {2015},
   note = {[Online; Accessed 20-April-2015]}
 }


@article{BergerMorgan2015,
  title = {The {ISIS} {T}witter Census: Defining and describing the population of {ISIS} supporters on {T}witter},
  author = {Berger, {J.M.} and Morgan, Jonathon},
  journal = {{The Bookings Project on U.S. Relations with the Islamic World}},
  series = {Center For Middle East Policy},
  volume = {20},
  month={{March}},
  year = {2015},
  publisher={Brookings Institute}
}

@article{monroe2008introduction,
  title={Introduction to the special issue: The statistical analysis of political text},
  author={Monroe, Burt L and Schrodt, Philip A},
  journal={Political Analysis},
  volume={16},
  number={4},
  pages={351--355},
  year={2008},
  publisher={SPM-PMSAPSA}
}

@article{bekkerman2003distributional,
  title={Distributional word clusters vs. words for text categorization},
  author={Bekkerman, Ron and El-Yaniv, Ran and Tishby, Naftali and Winter, Yoad},
  journal={The Journal of Machine Learning Research},
  volume={3},
  pages={1183--1208},
  year={2003},
publisher={JMLR. org}
}

@article{balcells2010rivalry,
  title={Rivalry and Revenge: Violence against Civilians in Conventional Civil Wars1},
  author={Balcells, Laia},
  journal={International Studies Quarterly},
  volume={54},
  number={2},
  pages={291--313},
  year={2010},
  publisher={Wiley Online Library}
}


%%-------------------------
%% Graph, Networks, and Terrorism
%%---------------------------

@article{phillips2014terrorist,
  title={Terrorist group cooperation and longevity},
  author={Phillips, Brian J},
  journal={International Studies Quarterly},
  volume={58},
  number={2},
  pages={336--347},
  year={2014},
  publisher={Wiley Online Library}
}

@book{martin2011sage,
  title={The Sage {E}ncyclopedia of {T}errorism},
  author={Martin, Gus},
  year={2011},
  publisher={Sage Publications}
}

@incollection{pons2005computing,
  title={Computing communities in large networks using random walks},
  author={Pons, Pascal and Latapy, Matthieu},
  booktitle={Computer and Information Sciences-ISCIS 2005},
  pages={284--293},
  year=2005,
  publisher={Springer}
}

@article{porter2009communities,
  title={Communities in networks},
  author={Porter, Mason A and Onnela, Jukka-Pekka and Mucha, Peter J},
  journal={Notices of the AMS},
  volume={56},
  number={9},
  pages={1082--1097},
  year={2009}
}

@article{menkhaus2006quasi,
  title={Quasi-states, nation-building, and terrorist safe havens},
  author={Menkhaus, Ken},
  journal={Journal of Conflict Studies},
  volume={23},
  number={2},
  year={2006}
}

@article{newman2007weak,
  title={Weak states, state failure, and terrorism},
  author={Newman, Edward},
  journal={Terrorism and Political Violence},
  volume={19},
  number={4},
  pages={463--488},
  year={2007},
  publisher={Taylor \& Francis}
}

@article{hehir2007myth,
  title={The myth of the failed state and the war on terror: A challenge to the conventional wisdom},
  author={Hehir, Aidan},
  journal={Journal of Intervention and Statebuilding},
  volume={1},
  number={3},
  pages={307--332},
  year={2007},
  publisher={Taylor \& Francis}
}

@article{carter2012blessing,
  title={A blessing or a curse? State support for terrorist groups},
  author={Carter, David B},
  journal={International Organization},
  volume={66},
  number={01},
  pages={129--151},
  year={2012},
  publisher={Cambridge Univ Press}
}

@article{hollenbach2014fast,
  title={Fast \& Easy Imputation of Missing Social Science Data},
  author={Hollenbach, Florian M and Metternich, Nils W and Minhas, Shahryar and Ward, Michael D},
  journal={arXiv preprint arXiv:1411.0647},
  year={2014}
}

@article{asal2012connections,
  title={Connections can be toxic: Terrorist organizational factors and the pursuit of CBRN weapons},
  author={Asal, Victor H and Ackerman, Gary A and Rethemeyer, R Karl},
  journal={Studies in Conflict \& Terrorism},
  volume={35},
  number={3},
  pages={229--254},
  year={2012},
  publisher={Taylor \& Francis}
}

@article{horowitz2013allying,
  title={Allying to kill terrorist intergroup cooperation and the consequences for lethality},
  author={Horowitz, Michael C and Potter, Philip BK},
  journal={Journal of Conflict Resolution},
  pages={199-225},
  year={2013},
  publisher={SAGE Publications}
}

@article{baldassarri2007integrative,
  title={The Integrative Power of Civic Networks},
  author={Baldassarri, Delia and Diani, Mario},
  journal={American Journal of Sociology},
  volume={113},
  number={3},
  pages={735--780},
  year={2007},
  publisher={JSTOR}
}

@book{crenshaw1983terrorism,
  title={Terrorism, legitimacy, and power: The consequences of political violence},
  author={Crenshaw, Martha and Horowitz, Irving Louis},
  year={1983},
  publisher={Wesleyan University Press Middletown, CT}
}

@book{wasserman1994social,
  title={Social network analysis: Methods and applications},
  author={Wasserman, Stanley and Faust, Katherine},
  volume={8},
  year={1994},
  publisher={Cambridge university press}
}

@article{borgatti2005centrality,
  title={Centrality and network flow},
  author={Borgatti, Stephen P},
  journal={Social networks},
  volume={27},
  number={1},
  pages={55--71},
  year={2005},
  publisher={Elsevier}
}


@article{emilie2009network,
  title={Network analysis for international relations},
  author={Hafner-Burton, Emilie and Kahler, Miles and Montgomery, Alexander H.},
  journal={International Organization},
  volume=63,
  number=3,
  pages={559--92},
  year=2009,
  publisher={Cambridge Univ Press}
}

@article{siqueira2010terrorist,
  title={Terrorist networks, support, and delegation},
  author={Siqueira, Kevin and Sandler, Todd},
  journal={Public Choice},
  volume={142},
  number={1-2},
  pages={237--253},
  year={2010},
  publisher={Springer}
}

@article{asal2015friends,
  title={With Friends Like These… Why Terrorist Organizations Ally},
  author={Asal, Victor and Park, Hyun Hee and Rethemeyer, R Karl and Ackerman, Gary},
  journal={International Public Management Journal},
  number={forthcoming},
  year={2015},
  publisher={Taylor \& Francis}
}

@article{de2005quality,
  title={The quality of terror},
  author={De Mesquita, Ethan Bueno},
  journal={{A}merican {J}ournal of {P}olitical {S}cience},
  volume={49},
  number={3},
  pages={515--530},
  year={2005},
  publisher={Wiley Online Library}
}

@misc{Almujahidin2013,
  author = {Almujahidin},
  title = {Ulama' Of {R}ohingya: Jihad Fi Sabilillah Is Now Wajib In {M}yanmar},
 journal={Facebook},
  year = {2013},
  misc = {https://www.facebook.com/permalink.php?story_fbid=579213965457050&id=135870193124765&substory_index=0},
  note = {[Online; accessed 23-August, 2015]}
}

   
@article{Shams2015Uighurs,
title= {Why {C}hina's {U}ighurs are joining jihadists in {A}fghanistan},
author= {Shamil Shams},
Journal= {{D}eutsche {W}elle}, 
year= {2015},
date= {July 24,} 
}

@article{Rhode2005Camps,
title= {In a Corner of {P}akistan a Debate Rages: Are Terrorist Camps Still Functioning?},
author= {David Rodhe and Carlotta Gal},
Journal= {The {N}ew {Y}ork {T}imes}, 
year= {2005},
date= {{August 28,}} 
}

@article{lancichinetti2010statistical,
  title={Statistical significance of communities in networks},
  author={Lancichinetti, Andrea and Radicchi, Filippo and Ramasco, Jos{\'e} J},
  journal={Physical Review E},
  volume={81},
  number={4},
  year={2010},
  publisher={APS}
}

@article{newman2008mathematics,
  title={The mathematics of networks},
  author={Newman, Mark EJ},
  journal={The new palgrave encyclopedia of economics},
  volume={2},
  number={2008},
  pages={1--12},
  year={2008},
  publisher={Citeseer}
}

@article{aydin2012networks,
  title={Networks of third-party interveners and civil war duration},
  author={Aydin, Aysegul and Regan, Patrick M},
  journal={European Journal of International Relations},
  volume={18},
  number={3},
  pages={573--597},
  year={2012},
  publisher={SAGE Publications}
}

@article{patty2014sequential,
  title={Sequential Decision Making and Information Aggregation in Small Networks},
  author={Patty, John W and Penn, Elizabeth Maggie},
  journal={Political Science Research and Methods},
  volume={2},
  number={02},
  pages={243--271},
  year={2014},
  publisher={Cambridge Univ Press}
}

@article{lazer2011networks,
  title={Networks in political science: Back to the future},
  author={Lazer, David},
  journal={PS: Political Science \& Politics},
  volume={44},
  number={01},
  pages={61--68},
  year={2011},
  publisher={Cambridge Univ Press}
}

@book{maoz2010networks,
  title={Networks of nations: The evolution, structure, and impact of international networks, 1816--2001},
  author={Maoz, Zeev},
  volume={32},
  year={2010},
  publisher={Cambridge University Press}
}

@article{keohane1973power,
  title={Power and interdependence},
  author={Keohane, Robert O and Nye Jr, Joseph S},
  journal={Survival},
  volume={15},
  number={4},
  pages={158--165},
  year={1973},
  publisher={Taylor \& Francis}
}


@article{dorff2013networks,
  title={Networks, Dyads, and the Social Relations Model},
  author={Dorff, Cassy and Ward, Michael D},
  journal={Political Science Research and Methods},
  volume={1},
  number={02},
  pages={159--178},
  year={2013},
  publisher={Cambridge Univ Press}
}

@article{cranmer2011inferential,
  title={Inferential network analysis with exponential random graph models},
  author={Cranmer, Skyler J and Desmarais, Bruce A},
  journal={Political Analysis},
  volume={19},
  number={1},
  pages={66--86},
  year={2011},
  publisher={SPM-PMSAPSA}
}

@Manual{xergm2016pack,
    title = {xergm: Extensions for Exponential Random Graph Models},
    author = {Philip Leifeld and Skyler J. Cranmer and Bruce A.
      Desmarais},
    year = {2016},
    note = {R package version 1.7.0},
    url ={http://CRAN.R-project.org/package=xergm},
  }

  @Manual{latentnet2015R,
    author = {Pavel N. Krivitsky and Mark S. Handcock},
    title = {latentnet: Latent Position and Cluster Models for
      Statistical Networks},
    organization = {The Statnet Project http://www.statnet.org},
    year = {2015},
    note = {R package version 2.7.1},
    url = {http://CRAN.R-project.org/package=latentnet},
  }
  @Article{latentnet2015art,
    title = {Fitting position latent cluster models for social networks
      with latentnet},
    author = {Pavel N. Krivitsky and Mark S. Handcock},
    year = {2008},
    volume = {24},
    number = {5},
    journal = {Journal of Statistical Software},
  }


@article{ward2013gravity,
  title={Gravity's rainbow: a dynamic latent space model for the world trade network},
  author={Ward, Michael D and Ahlquist, John S and Rozenas, Arturas},
  journal={Network Science},
  volume={1},
  number={01},
  pages={95--118},
  year={2013},
  publisher={Cambridge Univ Press}
}

@article{sewell2016latent,
  title={Latent space models for dynamic networks with weighted edges},
  author={Sewell, Daniel K and Chen, Yuguo},
  journal={Social Networks},
  volume={44},
  pages={105--116},
  year={2016},
  publisher={Elsevier}
}

@article{hoff2002latent,
  title={Latent space approaches to social network analysis},
  author={Hoff, Peter D and Raftery, Adrian E and Handcock, Mark S},
  journal={Journal of the american Statistical association},
  volume={97},
  number={460},
  pages={1090--1098},
  year={2002},
  publisher={Taylor \& Francis}
}

@article{cranmer2012complex,
  title={Complex dependencies in the alliance network},
  author={Cranmer, Skyler J and Desmarais, Bruce A and Menninga, Elizabeth J},
  journal={Conflict Management and Peace Science},
  volume={29},
  number={3},
  pages={279--313},
  year={2012},
  publisher={SAGE Publications}
}

@article{desmarais2012statistical,
  title={Statistical mechanics of networks: Estimation and uncertainty},
  author={Desmarais, Bruce A and Cranmer, Skyler J},
  journal={Physica A: Statistical Mechanics and its Applications},
  volume={391},
  number={4},
  pages={1865--1876},
  year={2012},
  publisher={Elsevier}
}

@article{chaudoin2015international,
  title={International systems and domestic politics{:} Linking complex interactions with empirical models in international relations},
  author={Chaudoin, Stephen and Milner, Helen V and Pang, Xun},
  journal={International Organization},
  volume={69},
  number={02},
  pages={275--309},
  year={2015},
  publisher={Cambridge University Press}
}


@article{hafner2006power,
  title={Power positions international organizations, social networks, and conflict},
  author={Hafner-Burton, Emilie M and Montgomery, Alexander H},
  journal={Journal of Conflict Resolution},
  volume={50},
  number={1},
  pages={3--27},
  year={2006},
  publisher={Sage Publications}
}

@article{regan2006diplomacy,
  title={Diplomacy and other forms of intervention in civil wars},
  author={Regan, Patrick M and Aydin, Aysegul},
  journal={Journal of Conflict Resolution},
  volume={50},
  number={5},
  pages={736--756},
  year={2006},
  publisher={Sage Publications}
}


@misc{Wang2014dif,
author = {Cheng-Jun Wang},
title = {Simulating network diffusion with {R}},
type = {Blog},
number = {March},
year = {2014},
howpublished = {https://chengjun.github.io/en/2014/03/simulate-network-diffusion-with-R/}
}

@article{borgatti2006graph,
  title={A graph-theoretic perspective on centrality},
  author={Borgatti, Stephen P and Everett, Martin G},
  journal={Social networks},
  volume={28},
  number={4},
  pages={466--484},
  year={2006},
  publisher={Elsevier}
}

@article{Morris2001IRA,
  title={{IRA's} links with {FARC} and {ETA} revealed},
  author={Steven Morris},
  journal={{The Guardian}},
  month={{August 25}},
  year={2001},
  howpublished={http://www.theguardian.com/uk/2001/aug/25/spain.northernireland}
}

@misc{roberts2016risk,
  title={Risk Management for Nonprofits},
  author={Dylan Roberts, George Morris, John MacIntosh,Daniel Millenson},
  year={2016},
  publisher={Oliver Wyman and SeaChange Capital}
}


@article{smith2013structural,
  title={Structural effects of network sampling coverage I: Nodes missing at random},
  author={Smith, Jeffrey A and Moody, James},
  journal={Social networks},
  volume={35},
  number={4},
  pages={652--668},
  year={2013},
  publisher={Elsevier}
}

@misc{morse2018financial,
  title={The financial health of the United States nonprofit sector: Facts and observations},
  author={George Morris, Dylan Roberts, John MacIntosh, Adrian Bordone},
  year={2018}
}


@article{smith2017network,
  title={Network sampling coverage II: the effect of non-random missing data on network measurement},
  author={Smith, Jeffrey A and Moody, James and Morgan, Jonathan H},
  journal={Social networks},
  volume={48},
  pages={78--99},
  year={2017},
  publisher={Elsevier}
}


@article{king2001analyzing,
  title={Analyzing incomplete political science data: An alternative algorithm for multiple imputation},
  author={King, Gary and Honaker, James and Joseph, Anne and Scheve, Kenneth},
  journal={American political science review},
  volume={95},
  number={1},
  pages={49--69},
  year={2001},
  publisher={Cambridge University Press}
}

@article{honaker2011amelia,
  title={Amelia {II}: A program for missing data},
  author={Honaker, James and King, Gary and Blackwell, Matthew and others},
  journal={Journal of statistical software},
  volume={45},
  number={7},
  pages={1--47},
  year={2011}
}


@article{kossinets2006effects,
  title={Effects of missing data in social networks},
  author={Kossinets, Gueorgi},
  journal={Social networks},
  volume={28},
  number={3},
  pages={247--268},
  year={2006},
  publisher={Elsevier}
}

@article{gelman2014statistical,
  title={The statistical crisis in science},
  author={Gelman, Andrew and Loken, Eric},
  journal={American scientist},
  volume={102},
  number={6},
  pages={460},
  year={2014},
  publisher={Sigma XI-The Scientific Research Society}
}

@article{lowe2013validating,
  title={Validating estimates of latent traits from textual data using human judgment as a benchmark},
  author={Lowe, Will and Benoit, Kenneth},
  journal={Political Analysis},
  volume={21},
  number={3},
  pages={298--313},
  year={2013},
  publisher={Cambridge University Press}
}

%%%


@inproceedings{danowski2012sentiment,
  title={Sentiment network analysis of Taleban and RFE/RL open-source content about Afghanistan},
  author={Danowski, James A},
  booktitle={Intelligence and Security Informatics Conference (EISIC), 2012 European},
  pages={303--310},
  year={2012},
  organization={IEEE}
}


@misc{state2012aas,
  title={Terrorist Designations of Ansar al-Sharia as an Alias for Al-Qaida in the Arabian Peninsula},
  author={{United States Department of State}},
  journal={Office of the Spokesperson},
  year={2012},
  month={{October 4,}},
  publisher={Bureau of Public Affairs}
}


@book{miller2015audacious,
  title={The Audacious Ascetic: What the Bin Laden Tapes Reveal about Al-Qa'ida},
  author={Miller, Flagg},
  year={2015},
  publisher={Oxford University Press}
}


@article{roberts2014stm,
  title={stm: R package for structural topic models},
  author={Roberts, Margaret E and Stewart, Brandon M and Tingley, Dustin},
  journal={R package},
  volume={1},
  pages={12},
  year={2014}
}

@article{roberts2014structural,
  title={Structural Topic Models for Open-Ended Survey Responses},
  author={Roberts, Margaret E and Stewart, Brandon M and Tingley, Dustin and Lucas, Christopher and Leder-Luis, Jetson and Gadarian, Shana Kushner and Albertson, Bethany and Rand, David G},
  journal={American Journal of Political Science},
  volume={58},
  number={4},
  pages={1064--1082},
  year={2014},
  publisher={Wiley Online Library}
}

@article{tingley2017rising,
  title={Rising power on the mind},
  author={Tingley, Dustin},
  journal={International Organization},
  volume={71},
  number={S1},
  pages={S165--S188},
  year={2017},
  publisher={Cambridge University Press}
}

@article{bail2016cultural,
  title={Cultural carrying capacity: Organ donation advocacy, discursive framing, and social media engagement},
  author={Bail, Christopher A},
  journal={Social Science \& Medicine},
  year={2016},
  publisher={Elsevier}
}

@article{munksgaard2016mixing,
  title={Mixing politics and crime--The prevalence and decline of political discourse on the cryptomarket},
  author={Munksgaard, Rasmus and Demant, Jakob},
  journal={International Journal of Drug Policy},
  volume={35},
  pages={77--83},
  year={2016},
  publisher={Elsevier}
}


@inproceedings{tsur2015frame,
  title={A frame of mind: Using statistical models for detection of framing and agenda setting campaigns},
  author={Tsur, Oren and Calacci, Dan and Lazer, David},
  booktitle={Proc. of ACL},
  year={2015}
}

@article{grimmer2010bayesian,
  title={A {B}ayesian hierarchical topic model for political texts: Measuring expressed agendas in {S}enate press releases},
  author={Grimmer, Justin},
  journal={Political Analysis},
  volume={18},
  number={1},
  pages={1--35},
  year={2010},
  publisher={SPM-PMSAPSA}
}


@article{Mothana2013Yemen,
  title={Written testimony of {I}brahim {M}othana for the {United States Senate Judiciary Committee Subcommittee on the Constitution, Civil Rights and Human Rights}},
  author={Ibrahim Mothana},
  journal={The Guardian},
  editor={Glenn Greenwald},
  year={2013},
  month={{May 1,}}
}


@article{filkens2013yemen,
  title={What We Don't Know About Drones},
  author={Dexter Filkins},
journal={The New Yorker},
  year={2013},
  month={{February 6,}}
}

@article{worth2009yemen,
  title={{Y}emen Says Strikes Against {Q}aeda Bases Killed 34},
  author={Robert F. Worth},
  journal={The New York Times},
  year={2009},
  month={{December 17,}}
}

@article{mcleod2010yemen,
  title={{Y}emeni air attacks on {al-Qaida} fighters risk mobilising hostile tribes},
  author={Hugh {M}ac{L}eod and Nasser Arrabyee},
  journal={The Guardian},
  year={2010},
  month={{January 2,}}
}

@article{lewis2013unpacking,
  title={Unpacking Terrorism, Revolution and Insurgency in {Y}emen: Real and Imagined Threats to Regional Security},
  author={Lewis, Alexandra},
  journal={Perspectives on Terrorism},
  volume={7},
  number={5},
  year={2013}
}

@article{carapico2014yemen,
  title={{Y}emen between revolution and counter-terrorism},
  author={Carapico, Sheila},
  journal={Why {Y}emen Matters: A Society in Transition},
  publisher={Saqi},
  year={2014}
}

@article{durac2012yemen,
  title={{Y}emen's Arab Spring: Democratic Opening or Regime Maintenance?},
  author={Durac, Vincent},
  journal={Mediterranean Politics},
  volume={17},
  number={2},
  pages={161--178},
  year={2012},
  publisher={Taylor \& Francis}
}


@article{digiovanni2014aafia,
  title={{A}afia {S}iddiqui: The Woman {ISIS} Wanted to Trade for {F}oley, Then {S}otloff},
  author={Jannine {Di Giovanni}},
  journal={Newsweek},
  year={2014},
  month={{September 14, }}
}

@article{denny2018text,
  title={Text preprocessing for unsupervised learning: why it matters, when it misleads, and what to do about it},
  author={Denny, Matthew J and Spirling, Arthur},
  journal={Political Analysis},
  pages={1--22},
  year={2018},
  publisher={Cambridge University Press}
}

@article{maaten2008visualizing,
  title={Visualizing data using t-SNE},
  author={Maaten, Laurens van der and Hinton, Geoffrey},
  journal={Journal of machine learning research},
  volume={9},
  number={Nov},
  pages={2579--2605},
  year={2008}
}

%% Random Forest

@article{muchlinski2015comparing,
  title={Comparing random forest with logistic regression for predicting class-imbalanced civil war onset data},
  author={Muchlinski, David and Siroky, David and He, Jingrui and Kocher, Matthew},
  journal={Political Analysis},
  volume={24},
  number={1},
  pages={87--103},
  year={2015},
  publisher={Society for Political Methodology and the Political Methodology Section of the American Political Science Association}
}

@book{szekely2017politics,
  title={Politics of Militant Group Survival in the Middle East},
  author={Szekely, Ora},
  year={2017},
  publisher={Springer}
}

@article{daly2012organizational,
  title={Organizational legacies of violence: Conditions favoring insurgency onset in Colombia, 1964--1984},
  author={Daly, Sarah Zukerman},
  journal={Journal of Peace Research},
  volume={49},
  number={3},
  pages={473--491},
  year={2012},
  publisher={Sage Publications Sage UK: London, England}
}


@inproceedings{jones2015exploratory,
  title={{edarf}:Exploratory data analysis using random forests},
  author={Jones, Zachary and Linder, Fridolin},
  journal={The Journal of Open Source Software},
  volume={1},
  issue={6},
  year={2016}
}

%%%%%%
@article{beauchamp2017predicting,
  title={Predicting and interpolating state-level polls using Twitter textual data},
  author={Beauchamp, Nicholas},
  journal={American Journal of Political Science},
  volume={61},
  number={2},
  pages={490--503},
  year={2017},
  publisher={Wiley Online Library}
}


@article{spirling2012us,
  title={{US} treaty making with {A}merican {I}ndians: Institutional change and relative power, 1784--1911},
  author={Spirling, Arthur},
  journal={American Journal of Political Science},
  volume={56},
  number={1},
  pages={84--97},
  year={2012},
  publisher={Wiley Online Library}
}

@article{siroky2009navigating,
  title={Navigating random forests and related advances in algorithmic modeling},
  author={Siroky, David S and others},
  journal={Statistics Surveys},
  volume={3},
  pages={147--163},
  year={2009},
  publisher={The author, under a Creative Commons Attribution License}
}


@misc{usma2016mobile,
  title={The Mobile Economy: {M}iddle {E}ast and {North Africa} 2016},
  author={{GSMA Intelligence}},
  journal={Journal of machine learning research},
  publisher={{GSMA}},
  year={2016},
  url={https://www.gsmaintelligence.com/research/?file=9246bbe14813f73dd85b97a90738c860&download}
}

@article{brahmi2012arabic,
  title={Arabic texts analysis for topic modeling evaluation},
  author={Brahmi, Abderrezak and Ech-Cherif, Ahmed and Benyettou, Abdelkader},
  journal={Information retrieval},
  volume={15},
  number={1},
  pages={33--53},
  year={2012},
  publisher={Springer}
}

@article{abbas2011evaluation,
  title={Evaluation of Topic Identification Methods on Arabic Corpora.},
  author={Abbas, Mourad and Sma{\"\i}li, Kamel and Berkani, Daoud},
  journal={JDIM},
  volume={9},
  number={5},
  pages={185--192},
  year={2011}
}

@incollection{salloum2018survey,
  title={A Survey of Arabic Text Mining},
  author={Salloum, Said A and AlHamad, Ahmad Qasim and Al-Emran, Mostafa and Shaalan, Khaled},
  booktitle={Intelligent Natural Language Processing: Trends and Applications},
  pages={417--431},
  year={2018},
  publisher={Springer}
}

@book{bacharach1980power,
  title={Power and politics in organizations},
  author={Bacharach, Samuel B and Lawler, Edward J},
  year={1980},
  publisher={Jossey-Bass Inc Pub}
}

@article{harmel1994integrated,
  title={An integrated theory of party goals and party change},
  author={Harmel, Robert and Janda, Keneth},
  journal={Journal of Theoretical Politics},
  volume={6},
  number={3},
  pages={259--287},
  year={1994},
  publisher={Sage Publications 6 Bonhill Street, London EC2A 4PU, UK}
}
%%% Error in +


@book{pfeffer1981power,
  title={Power in Organizations},
  author={Pfeffer, Jeffrey and Pfeffer, Jeffery},
  volume={33},
  year={1981},
  publisher={Pitman Marshfield, MA}
}

@article{lau1998demographic,
  title={Demographic diversity and faultlines: The compositional dynamics of organizational groups},
  author={Lau, Dora C and Murnighan, J Keith},
  journal={Academy of Management Review},
  volume={23},
  number={2},
  pages={325--340},
  year={1998},
  publisher={Academy of Management Briarcliff Manor, NY 10510}
}

@article{bettcher2005factions,
  title={Factions of interest in {J}apan and {I}taly: the organizational and motivational dimensions of factionalism},
  author={Bettcher, Kim Eric},
  journal={Party Politics},
  volume={11},
  number={3},
  pages={339--358},
  year={2005},
  publisher={Sage Publications Sage CA: Thousand Oaks, CA}
}

@book{cyert1963behavioral,
  title={A behavioral theory of the firm},
  author={Cyert, Richard M and March, James G},
  publisher={Wiley-Blackwell: Englewood Cliffs, NJ},
  edition={2},
  year={1963}
}

@book{march1958organizations,
  title={Organizations},
  author={March, James G and Simon, Herbert Alexander},
  year={1958},
  publisher={Wiley: Oxford, England}
}

@article{gray1985politics,
  title={Politics and strategic change across organizational life cycles},
  author={Gray, Barbara and Ariss, Sonny S},
  journal={Academy of Management Review},
  volume={10},
  number={4},
  pages={707--723},
  year={1985},
  publisher={Academy of Management Briarcliff Manor, NY 10510}
}


@article{shane_metz_wakabayashi_2018,
title={How a {P}entagon Contract Became an Identity Crisis for {G}oogle},
url={https://www.nytimes.com/2018/05/30/technology/google-project-maven-pentagon.html},
journal={{The New York Times}},
author={Shane, Scott and Metz, Cade and Wakabayashi, Daisuke},
year={2018},
month={{May 30,}}
}

@article{shane_wakabayashi_2018,
title={{G}oogle Will Not Renew {P}entagon Contract That Upset Employees},
howpublished={https://www.nytimes.com/2018/06/01/technology/google-pentagon-project-maven.html},
journal={{The New York Times}},
author={Wakabayashi, Daisuke and Shane, Scott},
year={2018},
month={{June 1,}}
}

@article{baum2018does,
  title={Does Rape Culture Predict Rape? Evidence from US Newspapers, 2000--2013},
  author={Baum, Matthew A and Cohen, Dara Kay and Zhukov, Yuri M},
  journal={Quarterly Journal of Political Science},
  volume={13},
  number={3},
  pages={263--289},
  year={2018},
  publisher={Now Publishers, Inc.}
}

@article{mueller2018reading,
  title={Reading Between the Lines: Prediction of Political Violence Using Newspaper Text},
  author={Mueller, Hannes and Rauh, Christopher},
  journal={American Political Science Review},
  volume={112},
  number={2},
  pages={358--375},
  year={2018},
  publisher={Cambridge University Press}
}

@article{dod2017airstrike,
title={{U.S.} Forces Conduct Strike Against {ISIS} Training Camps in {Y}emen},
author={{D.O.D News}},
year={2017},
month={{October 16,}},
howpublished={\url{https://www.defense.gov/Explore/News/Article/Article/1344561/us-forces-conduct-strike-against-isis-training-camps-in-yemen/}}
}

%%% Clean to here:

@misc{gsma2016mobile,
  title={The Mobile Economy: {M}iddle {E}ast and {North Africa} 2016},
  author={{GSMA Intelligence}},
  journal={Journal of machine learning research},
  publisher={{GSMA}},
  year={2016},
  url={https://www.gsmaintelligence.com/research/?file=9246bbe14813f73dd85b97a90738c860&download}
}

@article{green2017armed,
  title={Armed group institutions and combatant socialization: Evidence from El Salvador},
  author={Green, Amelia Hoover},
  journal={Journal of Peace Research},
  volume={54},
  number={5},
  pages={687--700},
  year={2017},
  publisher={SAGE Publications Sage UK: London, England}
}

@misc{checkel2017socialization,
  title={Socialization and violence: Introduction and framework},
  author={Checkel, Jeffrey T},
  journal={Journal of Peace Research},
  volume={54},
  number={5},
  pages={687--700},
  year={2017},
  publisher={SAGE Publications Sage UK: London, England}
}

@book{warrick2015black,
  title={Black flags: The rise of {ISIS}},
  author={Warrick, Joby},
  year={2015},
  publisher={Anchor}
}

@article{speckhard2017isis,
  title={The ISIS Emni: Origins and inner workings of ISIS’s intelligence apparatus},
  author={Speckhard, Anne and Yayla, Ahmet S},
  journal={Perspectives on terrorism},
  volume={11},
  number={1},
  pages={2--16},
  year={2017},
  publisher={JSTOR}
}


@article{parkinson2018militant,
  title={Militant and rebel organization (s)},
  author={Parkinson, Sarah E and Zaks, Sherry},
  journal={Comparative Politics},
  volume={50},
  number={2},
  pages={271--293},
  year={2018},
  publisher={City University of New York}
}

@book{mironova2019freedom,
  title={From Freedom Fighters to Jihadists: Human Resources of Non-State Armed Groups},
  author={Vera Mironova},
  year={2019},
  publisher={Oxford University Press}
}


@article{woodtoppelberg2017,
  title={The persistence of sexual assault within the {US} military},
  author={Wood, Elisabeth and Toppelberg, Nathaniel},
  journal={Journal of Peace Research},
  volume={54},
  number={5},
  pages={620--633},
  year={2017},
  publisher={SAGE Publications Sage UK: London, England}
}

@article{hoovergreen2016,
author={{Hoover Green}, Amelia},
title={The Commander's dilemma:creating and controlling armed group violence},
journal={Journal of Peace Research},
volume={53},
number={5},
pages={619-632},
year={2016},
publisher={SAGE Publications Sage UK: London, England}
}

@article{benfordsnow2000framing,
author={Benford, Robert and Snow, David},
year={2000},
title={Framing processes and social movements: An overview and assessment},
journal={Annual Review of Sociology},
volume={26},
number={August},
pages={611–639}
}


@article{woodsanin2014ideology,
author={Francisco Gutiérrez Sanín and Elisabeth Jean Wood},
year={2014},
title={Ideology in civil war: Instrumental adoption and beyond},
journal={Journal of Peace Research},
volume={26},
number={August},
pages={611–639}
}

@article{gutierrezguistozzi2010networks,
author={Guti\'{e}rrez, Francisco and Giustozzi, Antonio},
year={2010},
title={Networks and armies: Structuring rebellion in {C}olombia and {A}fghanistan},
journal={Studies in Conflict and Terrorism},
volume={33},
number={9},
pages={815–835}
}

@book{guiterrez2012dilemmas,
author={Guti\'{e}rrez, Francisco},
year={2012},
title={The dilemmas of recruitment: The {C}olombian case},
editor={Guichaoua, Yvan},
booktitle={Understanding Collective Political Violence},
location={Basingstoke},
publisher={Palgrave Macmillan},
pages={175–195}
}

@book{wood2003civilwar,
author= {Wood, Elisabeth Jean},
year={2003},
title={Insurgent Collective Action and Civil War in {E}l {S}alvador},
location={Cambridge},
publisher={Cambridge University Press}
}

@book{bahri2013guarding,
  title={Guarding bin laden: My life in al-Qaeda},
  author={{al-B}ahri, Nassar},
  year={2013},
  misc={Susan {de M}uth, translator},
  publisher={Thin Man Press}
}

@article{hoovergreen2016dilemma,
author={Hoover Green, Amelia},
title={The Commander's dilemma:creating and controlling armed group violence},
journal={Journal of Peace Research},
volume={53},
number={5},
pages={619-632},
year={2016},
publisher={SAGE Publications Sage UK: London, England}
}

@book{laffont2009theory,
  title={The theory of incentives: the principal-agent model},
  author={Laffont, Jean-Jacques and Martimort, David},
  year={2009},
  publisher={Princeton university press}
}

@article{hawkins2006agents,
  title={How agents matter},
  author={Hawkins, Darren G and Jacoby, Wade},
  journal={Delegation and Agency in International Organizations. Cambridge, UK},
  year={2006}
}

@article{carpenter2016motivating,
  title={Motivating Agents: How much does the mission matter?},
  author={Carpenter, Jeffrey and Gong, Erick},
  journal={Journal of Labor Economics},
  volume={34},
  number={1},
  pages={211--236},
  year={2016},
  publisher={University of Chicago Press Chicago, IL}
}

@article{cook2019lost,
  title={Lost in Aggregation: Improving Event Analysis with Report-Level Data},
  author={Cook, Scott J and Weidmann, Nils B},
  journal={American Journal of Political Science},
  volume={63},
  number={1},
  pages={250--264},
  year={2019},
  publisher={Wiley Online Library}
}

@book{barker2003cultural,
  title={Cultural studies: Theory and practice},
  author={Barker, Chris},
  year={2003},
  publisher={Sage}
}


@article{salehyan2010delegation,
  title={The delegation of war to rebel organizations},
  author={Salehyan, Idean},
  journal={Journal of Conflict Resolution},
  volume={54},
  number={3},
  pages={493--515},
  year={2010},
  publisher={Sage Publications Sage CA: Los Angeles, CA}
}

@article{horton2017fighting,
  title={Fighting the Long War: The Evolution of al-Qaida in the Arabian Peninsula},
  author={Horton, Michael},
  journal={CTC Sentinel},
  volume={10},
  number={1},
  pages={17--22},
  year={2017}
}

%% automated coding for event data:

@article{raleigh2010introducing,
  title={Introducing ACLED: an armed conflict location and event dataset: special data feature},
  author={Raleigh, Clionadh and Linke, Andrew and Hegre, H{\aa}vard and Karlsen, Joakim},
  journal={Journal of peace research},
  volume={47},
  number={5},
  pages={651--660},
  year={2010},
  publisher={Sage Publications Sage UK: London, England}
}

@article{gerner1994machine,
  title={Machine coding of event data using regional and international sources},
  author={Gerner, Deborah J and Schrodt, Philip A and Francisco, Ronald A and Weddle, Judith L},
  journal={International Studies Quarterly},
  volume={38},
  number={1},
  pages={91--119},
  year={1994},
  publisher={Blackwell Publishing Ltd Oxford, UK}
}

@article{bond2003integrated,
  title={Integrated data for events analysis (IDEA): An event typology for automated events data development},
  author={Bond, Doug and Bond, Joe and Oh, Churl and Jenkins, J Craig and Taylor, Charles Lewis},
  journal={Journal of Peace Research},
  volume={40},
  number={6},
  pages={733--745},
  year={2003},
  publisher={Sage Publications}
}

@article{king2003automated,
  title={An automated information extraction tool for international conflict data with performance as good as human coders: A rare events evaluation design},
  author={King, Gary and Lowe, Will},
  journal={International Organization},
  volume={57},
  number={3},
  pages={617--642},
  year={2003},
  publisher={Cambridge University Press}
}

@article{hammond2014using,
  title={Using machine-coded event data for the micro-level study of political violence},
  author={Hammond, Jesse and Weidmann, Nils B},
  journal={Research \& Politics},
  volume={1},
  number={2},
  pages={2053168014539924},
  year={2014},
  publisher={SAGE Publications Sage UK: London, England}
}


@article{batal2010assessment,
  title={An assessment of the anatomy of al-Qaeda in Yemen: Ideological and social factors},
  author= {Batal alShishani, Murad},
  editor= {Ramzy Mardini},
  booktitle= {The Battle for {Yemen}: {Al-Qaeda} and the struggle for stability},
  publisher={The Jamestown Foundation},
  pages={51--55},
  address={Washington, DC},
  year={2010}
}


@misc{schubiger2018one,
  title={One for All? State Violence and Insurgent Cohesion},
  author= {Livia Schubiger},
  year = {2018},
  howpublished={Manuscript}
}

@misc{foster2019overworking,
  title={Over Pressure: Grassroots-Driven Transformation of (Militant) Organizations},
  author= {Margaret Foster},
  year = {2019},
  howpublished={Manuscript available at \url{http://www.margaretjfoster.net/over-pressure-working-paper.html}}
}

@article{phillips2013terrorist,
  title={Terrorist group cooperation and longevity},
  author={Phillips, Brian J},
  journal={International Studies Quarterly},
  year={2013},
  publisher={Wiley Online Library},
  volume={58},
  number={02},
  pages= {336--347},
}

@article{siegel2011does,
  title={When does repression work? collective action in social networks},
  author={Siegel, David A},
  journal={The Journal of Politics},
  volume=73,
  number=04,
  pages={993--1010},
  year=2011,
  publisher={Cambridge Univ Press}
}

@article{ward2011network,
  title={Network analysis and political science},
  author={Ward, Michael D and Stovel, Katherine and Sacks, Audrey},
  journal={Annual Review of Political Science},
  volume={14},
  pages={245--264},
  year={2011},
  publisher={Annual Reviews}
}





@article{hoff2004modeling,
  title={Modeling dependencies in international relations networks},
  author={Hoff, Peter D and Ward, Michael D},
  journal={Political Analysis},
  volume={12},
  number={2},
  pages={160--175},
  year={2004},
  publisher={Cambridge University Press}
}


@article{minhas2016inferential,
  title={Inferential Approaches for Network Analysis: {AMEN} for Latent Factor Models},
  author={Minhas, Shahryar and Hoff, Peter D and Ward, Michael D},
  journal={Political Analysis},
  pages={1--15},
  year={2016},
  publisher={Cambridge University Press}
}


@article{zech2016social,
  title={Social network analysis in the study of terrorism and insurgency: From organization to politics},
  author={Zech, Steven T and Gabbay, Michael},
  journal={International Studies Review},
  volume={18},
  number={2},
  pages={214--243},
  year={2016},
  publisher={Oxford University Press}
}

@article{fariss2014measuring,
  title={Measuring mutual dependence between state repressive actions},
  author={Fariss, Christopher J and Schnakenberg, Keith E},
  journal={Journal of Conflict Resolution},
  volume={58},
  number={6},
  pages={1003--1032},
  year={2014},
  publisher={SAGE Publications Sage CA: Los Angeles, CA}
}

@Misc{liu2019repression,
  title={Modeling the Repression-Dissent Dynamic: A Network Approach},
  author={Liu, Howard},
  year={2019},
  howpublished={http://howardliu.org/files/Modeling_v6.pdf}
}

@article{hollenbach2016multiple,
  title={Multiple Imputation Using Gaussian Copulas},
  author={Hollenbach, Florian M and Bojinov, Iavor and Minhas, Shahryar and Metternich, Nils W and Ward, Michael D and Volfovsky, Alexander},
  journal={Sociological Methods \& Research},
  pages={0049124118799381},
  year={2016},
  publisher={SAGE Publications Sage CA: Los Angeles, CA}
}

@article{skrede2010ignoring,
  title={On ignoring missing data and the robustness of trade and conflict results: A reply to Barbieri, Keshk, and Pollins},
  author={Gleditsch, Kristian Skrede},
  journal={Conflict Management and Peace Science},
  volume={27},
  number={2},
  pages={153--157},
  year={2010},
  publisher={SAGE Publications Sage UK: London, England}
}

@MISC{WhiteHouse2014Syria,
  author = {{The White House, Office of the Press Secretary}},
  title = {Background Conference Call on Airstrikes in {S}yria},
  howpublished = {Press Release},
  month = {September},
  year = {2014},
  url = {http://www.whitehouse.gov/the-press-office/2014/09/23/background-conference-call-airstrikes-syria}

}

@article{siegel2009social,
  title={Social networks and collective action},
  author={Siegel, David A},
  journal={American Journal of Political Science},
  volume=53,
  number=1,
  pages={122--138},
  year=2009,
  publisher={Wiley Online Library}
}


@article{farrall2011qaeda,
  title={How {A}l {Q}aeda Works-What the Organization's Subsidiaries Say about Its Strength},
  author={Farrall, Leah},
  journal={Foreign Aff.},
  volume={90},
  pages={128},
  year={2011},
  publisher={HeinOnline}
}

@article{Coll2013Name,
  title={Name Calling},
  author={Steve Coll},
  journal={{The New Yorker}},
  volume={},
  month={{March 04,}},
  pages={},
  year={2013},
  publisher={Conde Nast}
}


@article{Wright2006Master,
  title={The Master Plan},
  author={Lawrence Wright},
  journal={{The New Yorker}},
  volume={},
  month={{September 11,}},
  pages={},
  year={2011},
  publisher={Conde Nast}
}

@article{Byman2010MA,
  title={Al Qaeda's M\&A Strategy},
  author={Daniel Byman},
  journal={{Foreign Policy}},
  volume={},
  month={{December 07,}},
  pages={},
  year={2010},
  publisher={Brookings Institute}
}

%% Clean to here
@article{de2008terrorist,
  title={Terrorist factions},
  author={{Bueno de M}esquita, Ethan},
  journal={Quarterly Journal of Political Science},
  volume={3},
  number={4},
  pages={399--418},
  year={2008},
  publisher={Now Publishers, Inc.}
}


@techreport{reuters2013yemen,
  title={{Insight: In Yemen, al Qaeda gains sympathy amid U.S. drone strikes}},
  author={Yara Bayoumy},
  year={2013},
  month={{December 13,}},
  url={https://www.reuters.com/article/us-yemen-us-drones-insight-idUSBRE9BC0A020131213},
 journal={Reuters}
}

@techreport{michael2018yemen,
  title={{Y}emen: {U.S.} Allies Spin Deals with {al-Qaida} in War on Rebels},
  author={Michael, Maggie and Wilson, Trish and Leath, Lee},
  year={2018},
  month={{August 6,}},
 journal={Associated Press},
 url={https://pulitzercenter.org/reporting/yemen-us-allies-spin-deals-al-qaida-war-rebels}
}

@techreport{peters2012haqqani,
  title={Haqqani network financing: the evolution of an industry},
  author={Peters, Gretchen},
  year={2012},
  institution={Combating Terrorism Center at West Point}
}

@techreport{ctr2010terrorism,
  title={Country Reports on Terrorism 2010},
  author={{Bureau of Counterterrorism}},
  year={2011},
  month={{August 18, }},
  url={https://2009-2017.state.gov/j/ct/rls/crt/2010/},
  institution={United States State Department}
}

@techreport{ctr2013terrorism,
  title={Country Reports on Terrorism 2013},
  author={{Bureau of Counterterrorism}},
  year={2014},
  month={April},
  url={https://2009-2017.state.gov/j/ct/rls/crt/2013/},
  institution={United States State Department}
}

@techreport{ctr2011terrorism,
  title={Country Reports on Terrorism 2011},
  author={{Bureau of Counterterrorism}},
  year={2012},
  month={{July 21,}},
  url={https://2009-2017.state.gov/j/ct/rls/crt/2011/},
  institution={United States State Department}
}

@techreport{ctr2016terrorism,
  title={Country Reports on Terrorism 2016},
  author={{Bureau of Counterterrorism}},
  year={2017},
  month={July},
  url={https://2009-2017.state.gov/j/ct/rls/crt/2016/},
  institution={United States State Department}
}

@techreport{ctr2015terrorism,
  title={Country Reports on Terrorism 2015},
  author={{Bureau of Counterterrorism}},
  year={2015},
  month={June},
  url={https://2009-2017.state.gov/j/ct/rls/crt/2010/},
  institution={United States State Department}
}


@article{asal2007terrorism,
  title={Terrorism as transnational advocacy: An organizational and tactical examination},
  author={Asal, Victor and Nussbaum, Brian and Harrington, D William},
  journal={Studies in Conflict \& Terrorism},
  volume={30},
  number={1},
  pages={15--39},
  year={2007},
  publisher={Taylor \& Francis}
}

@book{gupta2008understanding,
  title={Understanding terrorism and political violence: The life cycle of birth, growth, transformation, and demise},
  author={Gupta, Dipak K},
  year={2008},
  publisher={Routledge}
}

@article{hansen2018unity,
  title={Unity under Allah? Cohesion mechanisms in Jihadist organizations in Africa},
  author={Hansen, Stig Jarle},
  journal={Armed Forces \& Society},
  year={2018},
  publisher={SAGE Publications Sage CA: Los Angeles, CA}
}

@book{hansen2013shabaab,
  title={Al-Shabaab in Somalia: The history and ideology of a Militant Islamist group},
  author={Hansen, Stig Jarle},
  year={2013},
  publisher={Oxford University Press}
}

@book{bell2000ira,
  title={The {IRA}, 1968-2000: analysis of a secret army},
  author={Bowyer-Bell, J},
  volume={7},
  year={2000},
  publisher={Taylor \& Francis}
}

@article{kalyvas200816,
  title={Promises and pitfalls of an emerging research program: the microdynamics of civil war},
  author={Kalyvas, Stathis N},
  journal={Order, conflict, and violence},
  volume={397},
  year={2008}
}

@article{hambrick1984upper,
  title={Upper echelons: The organization as a reflection of its top managers},
  author={Hambrick, Donald C and Mason, Phyllis A},
  journal={Academy of management review},
  volume={9},
  number={2},
  pages={193--206},
  year={1984},
  publisher={Academy of Management Briarcliff Manor, NY 10510}
}

@article{yang2019quantifying,
  title={Quantifying the future lethality of terror organizations},
  author={Yang, Yang and Pah, Adam R and Uzzi, Brian},
  journal={Proceedings of the National Academy of Sciences},
  volume={116},
  number={43},
  pages={21463--21468},
  year={2019},
  publisher={National Acad Sciences}
}


@book{schein1990organizational,
  title={Organizational culture.},
  author={Schein, Edgar H},
  volume={45},
  number={2},
  year={1990},
  publisher={American Psychological Association}
}



@article{mccants2006translation,
  title={Translation of 'The management of savagery: The most critical stage through which the umma will pass' by Abu Bakr Naji (first published online in 2004)},
  author={McCants, William},
  journal={John Olin Institute for Strategic Studies at Harvard University},
  publisher={Cambridge, MA,},
  year={2006}
}

@book{sinno2010organizations,
  title={Organizations at war in Afghanistan and beyond},
  author={Sinno, Abdulkader H},
  year={2010},
  publisher={Cornell University Press}
}

@article{lyall2010coethnics,
  title={Are coethnics more effective counterinsurgents? Evidence from the second Chechen war},
  author={Lyall, Jason},
  journal={American Political Science Review},
  volume={104},
  number={01},
  pages={1--20},
  year={2010},
  publisher={Cambridge University Press}
}


@article{worsnop2017can,
  title={Who Can Keep the Peace? Insurgent Organizational Control of Collective Violence},
  author={Worsnop, Alec},
  journal={Security Studies},
  volume={26},
  number={3},
  pages={482--516},
  year={2017},
  publisher={Taylor \& Francis}
}

@incollection{arjona2012recruitment,
  title={Recruitment into armed groups in Colombia: A survey of demobilized fighters},
  author={Arjona, Ana M and Kalyvas, Stathis N},
  booktitle={Understanding collective political violence},
  pages={143--171},
  year={2012},
  publisher={Springer}
}

@article{henshaw2016women,
  title={Where Women Rebel: Patterns of Women's Participation in Armed Rebel Groups 1990--2008},
  author={Henshaw, Alexis Leanna},
  journal={International Feminist Journal of Politics},
  volume={18},
  number={1},
  pages={39--60},
  year={2016},
  publisher={Taylor \& Francis}
}

@article{eck2014coercion,
  title={Coercion in rebel recruitment},
  author={Eck, Kristine},
  journal={Security Studies},
  volume={23},
  number={2},
  pages={364--398},
  year={2014},
  publisher={Taylor \& Francis}
}

@article{wood2017women,
  title={Women on the frontline: Rebel group ideology and women’s participation in violent rebellion},
  author={Wood, Reed M and Thomas, Jakana L},
  journal={Journal of Peace Research},
  volume={54},
  number={1},
  pages={31--46},
  year={2017},
  publisher={SAGE Publications Sage UK: London, England}
}


@article{long2014whack,
  title={Whack-a-Mole or Coup de Grace? Institutionalization and Leadership Targeting in Iraq and Afghanistan},
  author={Long, Austin},
  journal={Security Studies},
  volume={23},
  number={3},
  pages={471--512},
  year={2014},
  publisher={Taylor \& Francis}
}

@article{wood2014opportunities,
  title={Opportunities to kill or incentives for restraint? Rebel capabilities, the origins of support, and civilian victimization in civil war},
  author={Wood, Reed M},
  journal={Conflict Management and Peace Science},
  volume={31},
  number={5},
  pages={461--480},
  year={2014},
  publisher={Sage Publications Sage UK: London, England}
}


@article{bapat2012alliances,
  title={Alliances between militant groups},
  author={Bapat, Navin A and Bond, Kanisha D},
  journal={British Journal of Political Science},
  volume={42},
  number={4},
  pages={793--824},
  year={2012},
  publisher={Cambridge University Press}
}


@article{hirsch1990sacrifice,
  title={Sacrifice for the cause: Group processes, recruitment, and commitment in a student social movement},
  author={Hirsch, Eric L},
  journal={American Sociological Review},
  pages={243--254},
  year={1990},
  publisher={JSTOR}
}

@article{horowitz2014allying,
  title={Allying to kill: Terrorist intergroup cooperation and the consequences for lethality},
  author={Horowitz, Michael C and Potter, Philip BK},
  journal={Journal of Conflict Resolution},
  volume={58},
  number={2},
  pages={199--225},
  year={2014},
  publisher={SAGE Publications Sage CA: Los Angeles, CA}
}

@article{green2015commander,
  title={The Commander’s Dilemma: Creating and Controlling Armed Group Violence},
  author={{Hoover Green}, Amelia },
  year={2015}
}

@article{wood2008social,
  title={The social processes of civil war: The wartime transformation of social networks},
  author={Wood, Elisabeth Jean},
  journal={Annu. Rev. Polit. Sci.},
  volume={11},
  pages={539--561},
  year={2008},
  publisher={Annual Reviews}
}

@article{beardsley2009rebel,
  title={Rebel Groups as Predatory Organizations The Political Effects of the 2004 Tsunami in Indonesia and Sri Lanka},
  author={Beardsley, Kyle and McQuinn, Brian},
  journal={Journal of Conflict Resolution},
  volume={53},
  number={4},
  pages={624--645},
  year={2009},
  publisher={Sage Publications}
}

@techreport{koehler2011false,
  title={A False Foundation? {AQAP}, Tribes and ungoverned spaces in {Y}emen},
  author={Gabriel {Koehler-Derrick (ed)}},
  year={2011},
  url={https://ctc.usma.edu/a-false-foundation-aqap-tribes-and-ungoverned-spaces-in-yemen/},
  institution={The Combatting Terrorism Center at West Point}
}

@article{mothana2012,
title={How Drones Help {Al Q}aeda},
author={Ibrahim Mothana},
month={{June 13,}},
year={2012},
journaltitle={The New York Times},
editor={Opinion}
}

@article{koehler2012abbottabad,
  title={The Abbottabad Documents: Bin Laden’s Cautious Strategy in Yemen},
  author={Gabriel Koehler-Derrick},
  journal={{CTC S}entinel},
  pages={15--19},
  year={2012}
}

@article{lettertoAB,
title={Letter to {A}bu {B}asir},
author={{al-Qaeda strategist}},
journal={Abbottabad Documents},
year={{2006-2011}}
}

@article{mortimer2004johnson,
  title={{Al-Qa'ida} threatens to kill {US} hostage in {S}audi},
  author={Jasper Mortimer},
  journal={The Independent},
  month={{June 15,}},
  year={2004}
}
  
@article{khan2012aqap,
title={Understaning {Y}emen's {Al} {Qaeda} threat},
author={Azmat Khan},
month={{May 29,}},
year={2012},
journal={Frontline}
}

@article{hubbard2015yemen,
author={Ben Hubbard},
title={{A}l {Q}aeda Tries a New Tactic to Keep Power: Sharing It},
journal={The New York Times},
year={2015},
month={{June 9,}}
}

@article{masi2016aqap,
title={{Al Qaeda} Winning Hearts And Minds Over {ISIS} In {Y}emen With Social Services},
author={Alessandria Masi},
year={2016},
month={{April 7,}},
journal={International Business Times}
}

@misc{batati2015yemen,
title={War in {Y}emen is Allowing {Q}aeda Group To Expand},
author={Saeed {Al-B}atati and Kareem Fahim},
year={2015},
month={{April 16,}},
journal={The New York Times}
}


@article{johnsen2012upper,
title={A profile of {AQAP's} upper eschalon},
author={Gregory D. Johnsen},
year={2012},
month={{July 24,}},
journal={CTC Sentinel}
}

@article{reuters2010timeline,
author={David Cutler},
title={TIMELINE: {A}l {Q}aeda activity in {Y}emen},
year={2010},
month={{January 6,}},
journal={Reuters}
}

@article{armenakis1999organizational,
  title={Organizational change: A review of theory and research in the 1990s},
  author={Armenakis, Achilles A and Bedeian, Arthur G},
  journal={Journal of management},
  volume={25},
  number={3},
  pages={293--315},
  year={1999},
  publisher={Sage Publications Sage CA: Thousand Oaks, CA}
}

@article{jones2007multiple,
  title={The multiple sources of mission drift},
  author={Jones, Marshall B},
  journal={Nonprofit and Voluntary Sector Quarterly},
  volume={36},
  number={2},
  pages={299--307},
  year={2007},
  publisher={Sage Publications Sage CA: Los Angeles, CA}
}

@article{cornforth2014understanding,
  title={Understanding and combating mission drift in social enterprises},
  author={Cornforth, Christopher},
  journal={Social enterprise journal},
  volume={10},
  number={1},
  pages={3--20},
  year={2014},
  publisher={Emerald Group Publishing Limited}
}


@article{schleckser2015inc,
  title={How to Avoid Mission Drift and Stay True To Your Purpose},
  author={Jim Schleckser},
  journal={{INC}},
  year={2015},
  month={{December 1,}},
  url={https://www.inc.com/jim-schleckser/how-to-avoid-mission-drift-and-stay-true-to-your-purpose.html}
}

@article{morris2004leadership,
  title={Leadership in social movements},
  author={Morris, Aldon D and Staggenborg, Suzanne},
  journal={The Blackwell companion to social movements},
  pages={171--196},
  year={2004},
  publisher={Wiley Online Library}
}


@inbook{campbell_2005,
place={Cambridge}, 
series={Cambridge Studies in Contentious Politics}, 
title={Where do we stand? Common mechaisms in organizations and social movements research},
DOI={10.1017/CBO9780511791000.004},
booktitle={Social Movements and Organization Theory}, 
publisher={Cambridge University Press}, 
author={Campbell, John L.},
editor={Davis, Gerald F. and McAdam, Doug and Scott, W. Richard and Zald, Mayer N.Editors}, 
year={2005}, 
pages={41–68},
collection={Cambridge Studies in Contentious Politics}
}


@book{davis2005social,
  title={Social movements and organization theory},
  author={Davis, Gerald F and McAdam, Doug and Scott, W Richard and Zald, Mayer N},
  year={2005},
  publisher={Cambridge University Press}
}


@incollection{fernandez2017managing,
  title={Managing successful organizational change in the public sector},
  author={Fernandez, Sergio and Rainey, Hal G},
  booktitle={Debating Public Administration},
  pages={7--26},
  year={2017},
  publisher={Routledge}
}


@book{kanter2003challenge,
  title={Challenge of organizational change: How companies experience it and leaders guide it},
  author={Kanter, Rosabeth Moss},
  year={2003},
  publisher={Simon and Schuster}
}

@book{della2013clandestine,
  title={Clandestine political violence},
  author={Della Porta, Donatella},
  year={2013},
  publisher={Cambridge University Press}
}


@article{hannan1984structural,
  title={Structural inertia and organizational change},
  author={Hannan, Michael T and Freeman, John},
  journal={American sociological review},
  pages={149--164},
  year={1984},
  publisher={JSTOR}
}

@article{cappellaro2020maintaining,
  title={Maintaining Strategic Ambiguity for Protection: Struggles over Opacity, Equivocality, and Absurdity around the Sicilian Mafia},
  author={Cappellaro, Giulia and Compagni, Amelia and Vaara, Eero},
  journal={Academy of Management Journal},
  number={ja},
  year={2020}
}



@techreport{cfr2015aqap,
  title={{A}l-{Q}aeda in the {A}rabian {P}eninsula ({AQAP})},
  author={{Counsel on Foreign Relations}},
  series={CFR {B}ackgrounders},
  year={2015},
  month={{June 19,}},
  institution={Council on {F}oreign {R}elations}
}

@misc{ceip2009aqap,
author= {GREGORY D. JOHNSEN, and SHARI VILLAROSA},
editor={CHRISTOPHER BOUCEK},
title= {{A}L-{Q}AEDA IN {Y}EMEN},
booktitle= {{C}ARNEGIE {E}NDOWMENT FOR {I}NTERNATIONAL {P}EACE},	
year= {2009},	
month={{July 9,}},
howpublished={http://carnegieendowment.org/files/0708carnegie-yemen.pdf}
}


@article{reuters2016richer,
author= {Yara Bayoumy, Noah Browning and Mohammed Ghobari},
title= {How {S}audi {A}rabia's war in {Y}emen has made {al Q}aeda stronger – and richer},
journal= {Reuters},	
year= {2016},	
month={{April 8,}},
misc= {http://www.reuters.com/investigates/special-report/yemen-aqap/}
}

@article{swiftctc2012arc,
author= {Christopher Swift},
title= {Arc of Convergence: {AQAP}, {A}nsar {A}L-{Shari`a} and the Struggle For {Y}emen},
journal= {{CTC S}entinel},	
year= {2012},	
month={{June 21,}}
}

@article{worth2015nyrb,
author= {Robert F. Worth},
title= {{Y}emen: The {H}outhi Enigma},
journal= {{The New York Review of Books}},	
year= {2015},
url={https://www.nybooks.com/daily/2015/03/30/yemen-houthi-enigma/},
month={{March 30,}}
}

@techreport{campbell2015tribal,
author= {Leslie Campbell},
title= {{Y}emen: The {T}ribal {I}slamists},
institution= {{Wilson Center}},	
year= {2015},
url={https://www.wilsoncenter.org/article/yemen-the-tribal-islamists},
month={April}
}

@techreport{sharp2015background,
author= {Jeremy M. Sharp},
title= {{Y}emen: Background and {U.S.} Relations},
institution= {{Congressional Research Service}},	
year= {2015},
url={https://fas.org/sgp/crs/mideast/RL34170.pdf},
month={{February 11,}}
}

@article{atlantic2015yemen,
author= {Conor Friedersdorf},
title= {How {A}merica's Drone War in {Y}emen Strengthens {al-Q}aeda},
journal= {The {A}tlantic},	
year= {2015},	
month={{September 28,}}
}


@book{cunningham2014inside,
  title={Inside the Politics of Self-determination},
  author={Cunningham, Kathleen Gallagher},
  year={2014},
  publisher={Oxford University Press}
}


@book{kilcullen2009accidental,
  title={The accidental guerrilla: Fighting small wars in the midst of a big one},
  author={Kilcullen, David},
  year={2009},
  publisher={Taylor \& Francis}
}

@misc{hrw2013drone,
title= {"Between a Drone and {Al-Q}aeda": The Civilian Cost of US Targeted Killings in {Y}emen},
author= {{Human Rights Watch}},	
year= {2013},	
month={{October 22}}
}

@article{johnsen2013lost,
  title={How We Lost {Y}emen},
  author={Gregory D. Johnsen},
  journal={Foreign Policy},
  year={2013},
  month={{August 6,}}

}

@article{cruickshank2012yemen,
  title={{B}rennan on bin Laden raid, and 'Dangerous' {Y}emen},
  author={Paul Cruickshank},
  journal={{CNN}},
  year={2013},
  month={{August 6,}}
}

@article{alwazir2014yemenis,
  title={{Y}emenis seek justice in wedding drone strike},
  author={Rooj Alwazir},
  journal={{Al Jazeera}},
  year={2014},
  month={{May 21}}
}

@article{almuslimi2014yemenis,
  title={{US} drone attacks in {Y}emen protect no one but {Al Q}aeda},
  author={Farea Al Muslimi},
  journal={The National},
  year={2014},
  month={{Janurary 5,}}
}

@article{salama2014death,
author= {Vivian Salama},
title= {Death From Above: How {A}merican Drone Strikes Are Devastating {Y}emen},
journal= {Rolling Stone},	
year= {2014},	
month={{April 14,}}
}


@article{benson2012failed,
author= {Pam Benson},
title= {New terrorist plot to attack plane foiled},
journal= {{CNN}},	
year= {2012},
month={{May 7,}}
}


@article{francis2015aqhr,
author= {David Francis},
title= {Have What it Takes to be in {Al Qaeda}? Apply here.},
journal= {{Foreign Policy}},	
year= {2015},
month={{May 20,}}
}

@article{weinstein2005resources,
  title={Resources and the information problem in rebel recruitment},
  author={Weinstein, Jeremy M},
  journal={Journal of Conflict Resolution},
  volume={49},
  number={4},
  pages={598--624},
  year={2005},
  publisher={Sage Publications}
}

@book{khalili2017whispers,
  title={Whispers of War: An Afghan Freedom Fighter’s Account of the Soviet Invasion},
  author={Khalili, Masood},
  year={2017},
  publisher={SAGE Publishing India}
}


@article{forney2015can,
  title={Who Can We Trust with a Gun? Information Networks and Adverse Selection in Militia Recruitment},
  author={Forney, Jonathan Filip},
  journal={Journal of Conflict Resolution},
  volume={59},
  number={5},
  pages={824--849},
  year={2015},
  publisher={SAGE Publications}
}

@article{blattman2010nature,
  title={On the nature and causes of LRA abduction: What the abductees say},
  author={Blattman, Christopher and Annan, Jeannie},
  journal={The Lord’s Resistance Army: Myth and Reality},
  pages={132--55},
  year={2010},
  publisher={Zed Books: London}
}

@article{hegghammer2013recruiter,
  title={The recruiter’s dilemma signalling and rebel recruitment tactics},
  author={Hegghammer, Thomas},
  journal={Journal of Peace Research},
  volume={50},
  number={1},
  pages={3--16},
  year={2013},
  publisher={SAGE Publications}
}

@article{beber2013logic,
  title={The logic of child soldiering and coercion},
  author={Beber, Bernd and Blattman, Christopher},
  journal={International Organization},
  volume={67},
  number={01},
  pages={65--104},
  year={2013},
  publisher={Cambridge Univ Press}
}


@article{moore1995rational,
  title={Rational rebels: overcoming the free-rider problem},
  author={Moore, Will H},
  journal={Political Research Quarterly},
  volume={48},
  number={2},
  pages={417--454},
  year={1995},
  publisher={Sage Publications Sage CA: Thousand Oaks, CA}
}

@article{humphreys2008fights,
  title={Who fights? The determinants of participation in civil war},
  author={Humphreys, Macartan and Weinstein, Jeremy M},
  journal={American Journal of Political Science},
  volume={52},
  number={2},
  pages={436--455},
  year={2008},
  publisher={Wiley Online Library}
}


@book{bob2005marketing,
  title={The marketing of rebellion: Insurgents, media, and international activism},
  author={Bob, Clifford},
  year={2005},
  publisher={Cambridge University Press}
}

@book{lichbach1998rebel,
  title={The rebel's dilemma},
  author={Lichbach, Mark Irving},
  year={1998},
  publisher={University of Michigan Press}
}


@article{staniland2012organizing,
  title={Organizing insurgency: Networks, resources, and rebellion in South Asia},
  author={Staniland, Paul},
  journal={International Security},
  volume={37},
  number={1},
  pages={142--177},
  year={2012},
  publisher={MIT Press}
}


@book{mobley2012terrorism,
  title={Terrorism and Counterintelligence: How Terrorist Groups Elude Detection},
  author={Mobley, Blake W},
  year={2012},
  publisher={Columbia University Press}
}

@article{crenshaw1991terrorism,
  title={How terrorism declines},
  author={Crenshaw, Martha},
  journal={Terrorism and political violence},
  volume={3},
  number={1},
  pages={69--87},
  year={1991},
  publisher={Taylor \& Francis}
}


@article{doordie2003rise,
title= {The Rise of Environmentalism},
journal= {Do or Die},
author={{Voices from the Ecological Resistance}},
year= 2003,	
month={July},
issue=10
}

@article{ICG2017Yemen,
title= {Yemen's {al-Q}aeda: Expanding the Base},
journal= {Middle East Report},
author={{International Crisis Group}},
year= {2017},	
month={February 7},
issue=174
}

@article{rodenbeck2018bjp,
title= {A Mighty Wind},
journal= {The {N}ew {Y}ork Review of Books},
author={Rodenbeck, Max},
year= 2018,
month={{April 19,}},
issue=65
}

@book{jha2017bjp,
title= {How the {BJP} Wins: Inside {I}ndia's Greatest Election Machine},
author={Jha, Prashant},
year= 2017,
publisher={Juggernaut}
}


@article{johnston2008geography,
  title={The geography of insurgent organization and its consequences for civil wars: evidence from Liberia and Sierra Leone},
  author={Johnston, Patrick},
  journal={Security Studies},
  volume={17},
  number={1},
  pages={107--137},
  year={2008},
  publisher={Taylor \& Francis}
}

@article{schram2019managing,
  title={Managing Insurgency},
  author={Schram, Peter},
  journal={Journal of Conflict Resolution},
  pages={0022002719832963},
  year={2019},
  publisher={SAGE Publications Sage CA: Los Angeles, CA}
}


@article{humphreys2006handling,
  title={Handling and manhandling civilians in civil war},
  author={Humphreys, Macartan and Weinstein, Jeremy M},
  journal={American Political Science Review},
  volume={100},
  number={3},
  pages={429},
  year={2006},
  publisher={Cambridge Univ Press}
}

@misc{bbc2015profile,
  title={Profile: {Al-Q}aeda in the {A}rabian {P}eninsula},
  author={{BBC N}ews},
  journal={{BBC News}},
  month={{June 16,}},
  year={2015}
}

@misc{fvc2012jabhat,
  title={The rise of {S}yria’s 'Third Army’, {Jabhat al-Nusr}a},
  author={{France 24}},
  month={{November 11,}},
  year={2012},
  howpublished={\url{https://www.france24.com/en/20121211-syria-jabhat-nusra-civil-war-observers-third-army}}

}

@misc{ignatius2012affiliate,
  title={{Al-Q}aeda affiliate playing larger role in {S}yria rebellion},
  author={David Ignatius},
  journal={Washington Post}},
  month={{November 30,}},
  year={2012}

}


@article{lucas2015computer,
  title={Computer-assisted text analysis for comparative politics},
  author={Lucas, Christopher and Nielsen, Richard A and Roberts, Margaret E and Stewart, Brandon M and Storer, Alex and Tingley, Dustin},
  journal={Political Analysis},
  pages={mpu019},
  year={2015},
  publisher={SPM-PMSAPSA}
}


@misc{bbc2016yemen,
  title={{Y}emen crisis: Who is fighting whom?},
  author={{BBC N}ews},
  month={{October 14,}},
  year={2016}

}

@misc{guardian2015yemen,
  title={{Y}emeni implosion pushes southern {S}unnis into arms of {al-Qaida and Isis}},
  author={Ghaith Abdul-Ahad},
  journal={The Guardian},
  month={{March 22,}},
  year={2015},
  howpublished={\url{https://www.theguardian.com/world/2015/mar/22/yemen-sunnis-al-qaida-isis-islamic-state-shia-houthis-sanaa}}
}

@article{stewart2009use,
  title={Use of force and civil--military relations in Russia: an automated content analysis},
  author={Stewart, Brandon M and Zhukov, Yuri M},
  journal={Small Wars \& Insurgencies},
  volume={20},
  number={2},
  pages={319--343},
  year={2009},
  publisher={Taylor \& Francis}
}


@book{perritt2010kosovo,
  title={{Kosovo Liberation Army}: the inside story of an insurgency},
  author={Perritt, Henry H},
  year={2010},
  publisher={University of Illinois Press}
}

@article{koktsidis2008success,
  title={A success story? Analysing {A}lbanian ethno-nationalist extremism in the Balkans},
  author={Koktsidis, Pavlos-Ioannis and Dam, Caspar Ten},
  journal={East European Quarterly},
  volume={42},
  number={2},
  pages={161},
  year={2008},
  publisher={East European Quarterly}
}


@article{baturo2013life,
  title={{Life of Brian} revisited: Assessing informational and non-informational leadership tools},
  author={Baturo, Alexander and Mikhaylov, Slava},
  journal={Political Science Research and Methods},
  volume={1},
  number={01},
  pages={139--157},
  year={2013},
  publisher={Cambridge Univ Press}
}

@phdthesis{nielson2014networks,
  title={The Lonely Jihadist: Weak Networks and the Radicalization of {M}uslim Clerics},
  author={Nielsen, Richard},
  year={2014},
  school={Harvard University},
  url={https://dash.harvard.edu/handle/1/11124850},
  misc={Dissertation}
}

@article{phillips2011qaeda,
  title={{Al-Qaeda} and the Struggle for Yemen},
  author={Phillips, Sarah},
  journal={Survival},
  volume={53},
  number={1},
  pages={95--120},
  year={2011},
  publisher={Taylor \& Francis}
}

@book{phillips2010comes,
  title={What Comes Next in Yemen?: {Al-Q}aeda, the Tribes, and State-building},
  author={Phillips, Sarah},
  volume={107},
  year={2010},
  publisher={Carnegie Endowment for International Peace}
}

@book{boucek2010yemen,
  title={{Y}emen on the Brink},
  author={Boucek, Christopher and Ottaway, Marina},
  year={2010},
  publisher={Carnegie Endowment}
}

@article{loidolt2011managing,
  title={Managing the global and local: The dual agendas of {Al Qaeda in the Arabian Peninsula}},
  author={Loidolt, Bryce},
  journal={Studies in Conflict \& Terrorism},
  volume={34},
  number={2},
  pages={102--123},
  year={2011},
  publisher={Taylor \& Francis}
}

@article{ingram2016analysis,
  title={An Analysis of Inspire and Dabiq: Lessons from AQAP and Islamic State's Propaganda War},
  author={Ingram, Haroro J},
  journal={Studies in Conflict \& Terrorism},
  pages={1--19},
  year={2016},
  publisher={Taylor \& Francis}
}

@article{rogan2015inspiring,
  title={Inspiring Hate: AQAP’s Inspire Publication},
  author={Rogan, Randall},
  journal={Impact of Communication and the Media on Ethnic Conflict},
  pages={1},
  year={2015},
  publisher={IGI Global}
}

@book{smith2016relationship,
  title={The Relationship Between Rhetoric and Terrorist Violence},
  author={Smith, Allison G},
  year={2016},
  publisher={Routledge}
}

@article{ghajar2016quantifying,
  title={Quantifying Salient Concepts Discussed in Social Media Content: An Analysis of Tweets Posted by ISIS Fangirls.},
  author={Ghajar-Khosravi, Shadi and Kwantes, Peter and Derbentseva, Natalia and Huey, Laura},
  journal={Journal of Terrorism Research},
  volume={7},
  number={2},
  year={2016}
}

@article{klausen2015tweeting,
  title={Tweeting the Jihad: Social media networks of Western foreign fighters in Syria and Iraq},
  author={Klausen, Jytte},
  journal={Studies in Conflict \& Terrorism},
  volume={38},
  number={1},
  pages={1--22},
  year={2015},
  publisher={Taylor \& Francis}
}
%% Clean to here
@article{tominaga2018killing,
  title={Killing Two Birds with One Stone? Examining the Diffusion Effect of Militant Leadership Decapitation},
  author={Tominaga, Yasutaka},
  journal={International Studies Quarterly},
  volume={62},
  number={1},
  pages={54--68},
  year={2018},
  publisher={Oxford University Press}
}


@article{berrebi2007evidence,
  title={Evidence about the link between education, poverty and terrorism among Palestinians},
  author={Berrebi, Claude},
  journal={Peace Economics, Peace Science and Public Policy},
  volume={13},
  number={1},
  year={2007}
}

@book{christia2012alliance,
  title={Alliance formation in civil wars},
  author={Christia, Fotinni},
  year={2012},
  publisher={Cambridge University Press}
}

@article{staniland2012states,
  title={States, insurgents, and wartime political orders},
  author={Staniland, Paul},
  journal={Perspectives on Politics},
  volume={10},
  number={02},
  pages={243--264},
  year={2012},
  publisher={Cambridge Univ Press}
}

@book{staniland2014networks,
  title={Networks of Rebellion: Explaining Insurgent Cohesion and Collapse},
  author={Staniland, Paul},
  year={2014},
  publisher={Cornell University Press}
}

@article{shapiro2015coordination,
  title={Coordination and security How mobile communications affect insurgency},
  author={Shapiro, Jacob N and Siegel, David A},
  journal={Journal of Peace Research},
  pages={0022343314559624},
  year={2015},
  publisher={SAGE Publications}
}

@article{brothers2006ETA,
  title={{ETA} walking a path first trod by the {IRA}},
  author={Caroline Brothers and Brian Lavery},
  journal={Washington Post},
month={March 24,},
year= {2006}
}


@article{parkinson2013organizing,
  title={Organizing rebellion: Rethinking high-risk mobilization and social networks in war},
  author={Parkinson, Sarah Elizabeth},
  journal={American Political Science Review},
  volume={107},
  number={03},
  pages={418--432},
  year={2013},
  publisher={Cambridge Univ Press}
}

@article{pedahzur2006changing,
  title={The changing nature of suicide attacks: a social network perspective},
  author={Pedahzur, Ami and Perliger, Arie},
  journal={Social forces},
  volume={84},
  number={4},
  pages={1987--2008},
  year={2006},
  publisher={Oxford University Press}
}
